{"bids": [[20313.95, 0.07876954], [20313.94, 1.0], [20313.64, 0.24], [20313.43, 0.1962], [20312.42, 0.02385466], [20311.69, 0.08615724], [20310.99, 0.17232044], [20310.38, 0.24], [20309.0, 0.4764142], [20308.34, 0.24]], "asks": [[20321.91, 0.24], [20322.92, 0.07876954], [20322.93, 0.24], [20323.54, 0.24], [20325.39, 1.603], [20325.42, 0.08609908], [20325.64, 0.24], [20325.78, 0.19637], [20326.71, 0.17218724], [20327.29, 0.34436471]], "ts": 1666772266361}
{"bids": [[20313.95, 0.11876954], [20313.94, 1.0], [20313.64, 0.24], [20313.43, 0.1962], [20312.42, 0.02385466], [20311.69, 0.08615724], [20310.99, 0.17232044], [20310.38, 0.24], [20309.0, 0.4764142], [20308.34, 0.24]], "asks": [[20321.91, 0.24], [20322.92, 0.07876954], [20322.93, 0.24], [20323.54, 0.24], [20325.39, 1.603], [20325.42, 0.08609908], [20325.64, 0.24], [20325.78, 0.19637], [20326.71, 0.17218724], [20327.29, 0.34436471]], "ts": 1666772266363}
{"bids": [[20313.96, 0.07876954], [20313.95, 0.11876954], [20313.94, 1.0], [20313.64, 0.24], [20313.43, 0.1962], [20312.42, 0.02385466], [20311.69, 0.08615724], [20310.99, 0.17232044], [20310.38, 0.24], [20309.0, 0.4764142]], "asks": [[20321.91, 0.24], [20322.92, 0.07876954], [20322.93, 0.24], [20323.54, 0.24], [20325.39, 1.603], [20325.42, 0.08609908], [20325.64, 0.24], [20325.78, 0.19637], [20326.71, 0.17218724], [20327.29, 0.34436471]], "ts": 1666772266364}
{"bids": [[20313.96, 0.07876954], [20313.95, 0.04], [20313.94, 1.0], [20313.64, 0.24], [20313.43, 0.1962], [20312.42, 0.02385466], [20311.69, 0.08615724], [20310.99, 0.17232044], [20310.38, 0.24], [20309.0, 0.4764142]], "asks": [[20321.91, 0.24], [20322.92, 0.07876954], [20322.93, 0.24], [20323.54, 0.24], [20325.39, 1.603], [20325.42, 0.08609908], [20325.64, 0.24], [20325.78, 0.19637], [20326.71, 0.17218724], [20327.29, 0.34436471]], "ts": 1666772266364}
{"bids": [[20313.96, 0.07876954], [20313.95, 0.04], [20313.94, 1.0], [20313.64, 0.24], [20313.43, 0.1962], [20312.42, 0.02385466], [20310.99, 0.17232044], [20310.38, 0.24], [20309.0, 0.4764142]], "asks": [[20321.91, 0.24], [20322.92, 0.07876954], [20322.93, 0.24], [20323.54, 0.24], [20325.39, 1.603], [20325.42, 0.08609908], [20325.64, 0.24], [20325.78, 0.19637], [20326.71, 0.17218724], [20327.29, 0.34436471]], "ts": 1666772266364}
{"bids": [[20313.96, 0.07876954], [20313.95, 0.04], [20313.94, 1.0], [20313.64, 0.24], [20313.43, 0.1962], [20312.42, 0.02385466], [20310.99, 0.17232044], [20310.38, 0.24], [20309.0, 0.4764142]], "asks": [[20321.91, 0.24], [20322.92, 0.07876954], [20322.93, 0.24], [20323.54, 0.24], [20325.39, 1.603], [20325.64, 0.24], [20325.78, 0.19637], [20326.71, 0.17218724], [20327.29, 0.34436471]], "ts": 1666772266365}
{"bids": [[20313.96, 0.07876954], [20313.95, 0.04], [20313.94, 1.0], [20313.64, 0.24], [20313.43, 0.1962], [20312.42, 0.02385466], [20310.99, 0.17232044], [20310.38, 0.24], [20309.0, 0.4764142], [20294.0, 3.0]], "asks": [[20321.91, 0.24], [20322.92, 0.07876954], [20322.93, 0.24], [20323.54, 0.24], [20325.39, 1.603], [20325.64, 0.24], [20325.78, 0.19637], [20326.71, 0.17218724], [20327.29, 0.34436471]], "ts": 1666772266365}
{"bids": [[20313.96, 0.07876954], [20313.95, 0.04], [20313.94, 1.0], [20313.64, 0.24], [20313.43, 0.1962], [20312.42, 0.02385466], [20310.99, 0.17232044], [20310.38, 0.24], [20309.0, 0.4764142], [20294.0, 3.0]], "asks": [[20321.9, 0.07876954], [20321.91, 0.24], [20322.92, 0.07876954], [20322.93, 0.24], [20323.54, 0.24], [20325.39, 1.603], [20325.64, 0.24], [20325.78, 0.19637], [20326.71, 0.17218724], [20327.29, 0.34436471]], "ts": 1666772266365}
{"bids": [[20313.96, 0.07876954], [20313.95, 0.04], [20313.94, 1.0], [20313.64, 0.24], [20313.43, 0.1962], [20312.42, 0.02385466], [20310.99, 0.17232044], [20310.38, 0.24], [20309.0, 0.4764142], [20294.0, 3.0]], "asks": [[20321.9, 0.07876954], [20321.91, 0.24], [20322.93, 0.24], [20323.54, 0.24], [20325.39, 1.603], [20325.64, 0.24], [20325.78, 0.19637], [20326.71, 0.17218724], [20327.29, 0.34436471]], "ts": 1666772266365}
{"bids": [[20313.96, 0.07876954], [20313.95, 0.04], [20313.94, 1.0], [20313.43, 0.1962], [20312.42, 0.02385466], [20310.99, 0.17232044], [20310.38, 0.24], [20309.0, 0.4764142], [20294.0, 3.0]], "asks": [[20321.9, 0.07876954], [20321.91, 0.24], [20322.93, 0.24], [20323.54, 0.24], [20325.39, 1.603], [20325.64, 0.24], [20325.78, 0.19637], [20326.71, 0.17218724], [20327.29, 0.34436471]], "ts": 1666772266366}
{"bids": [[20313.96, 0.07876954], [20313.95, 0.04], [20313.94, 1.0], [20313.43, 0.1962], [20312.42, 0.02385466], [20310.99, 0.17232044], [20310.38, 0.24], [20309.0, 0.4764142], [20294.0, 3.0]], "asks": [[20320.89, 0.24], [20321.9, 0.07876954], [20321.91, 0.24], [20322.93, 0.24], [20323.54, 0.24], [20325.39, 1.603], [20325.64, 0.24], [20325.78, 0.19637], [20326.71, 0.17218724], [20327.29, 0.34436471]], "ts": 1666772266366}
{"bids": [[20313.96, 0.07876954], [20313.95, 0.04], [20313.94, 1.0], [20313.43, 0.1962], [20312.42, 0.02385466], [20310.99, 0.17232044], [20310.38, 0.24], [20309.0, 0.4764142], [20294.0, 3.0]], "asks": [[20320.89, 0.24], [20321.9, 0.07876954], [20321.91, 0.24], [20323.54, 0.24], [20325.39, 1.603], [20325.64, 0.24], [20325.78, 0.19637], [20326.71, 0.17218724], [20327.29, 0.34436471]], "ts": 1666772266366}
{"bids": [[20313.96, 0.07876954], [20313.95, 0.04], [20313.94, 1.0], [20313.43, 0.1962], [20312.42, 0.02385466], [20310.99, 0.17232044], [20310.38, 0.24], [20309.0, 0.4764142], [20294.0, 3.0]], "asks": [[20320.89, 0.24], [20321.35, 0.24], [20321.9, 0.07876954], [20321.91, 0.24], [20323.54, 0.24], [20325.39, 1.603], [20325.64, 0.24], [20325.78, 0.19637], [20326.71, 0.17218724], [20327.29, 0.34436471]], "ts": 1666772266367}
{"bids": [[20313.96, 0.07876954], [20313.95, 0.04], [20313.94, 1.0], [20313.43, 0.1962], [20312.42, 0.02385466], [20310.99, 0.17232044], [20310.38, 0.24], [20309.0, 0.4764142], [20294.0, 3.0]], "asks": [[20320.89, 0.24], [20321.34, 0.07876954], [20321.35, 0.24], [20321.9, 0.07876954], [20321.91, 0.24], [20323.54, 0.24], [20325.39, 1.603], [20325.64, 0.24], [20325.78, 0.19637], [20326.71, 0.17218724]], "ts": 1666772266367}
{"bids": [[20313.96, 0.07876954], [20313.95, 0.04], [20313.94, 1.0], [20313.43, 0.1962], [20312.42, 0.02385466], [20310.99, 0.17232044], [20310.38, 0.24], [20309.0, 0.4764142], [20294.0, 3.0]], "asks": [[20320.89, 0.24], [20321.34, 0.07876954], [20321.35, 0.24], [20321.91, 0.24], [20323.54, 0.24], [20325.39, 1.603], [20325.64, 0.24], [20325.78, 0.19637], [20326.71, 0.17218724]], "ts": 1666772266367}
{"bids": [[20313.96, 0.07876954], [20313.95, 0.04], [20313.94, 1.0], [20313.43, 0.1962], [20312.42, 0.02385466], [20310.99, 0.17232044], [20310.38, 0.24], [20309.0, 0.4764142], [20294.0, 3.0]], "asks": [[20320.89, 0.24], [20321.35, 0.24], [20321.91, 0.24], [20323.54, 0.24], [20325.39, 1.603], [20325.64, 0.24], [20325.78, 0.19637], [20326.71, 0.17218724]], "ts": 1666772266367}
{"bids": [[20313.96, 0.07876954], [20313.95, 0.04], [20313.94, 1.0], [20313.43, 0.1962], [20312.42, 0.02385466], [20310.99, 0.17232044], [20310.38, 0.24], [20309.0, 0.4764142], [20294.0, 3.0]], "asks": [[20320.89, 0.24], [20321.34, 0.07876954], [20321.35, 0.24], [20321.91, 0.24], [20323.54, 0.24], [20325.39, 1.603], [20325.64, 0.24], [20325.78, 0.19637], [20326.71, 0.17218724]], "ts": 1666772266368}
{"bids": [[20313.96, 0.07876954], [20313.95, 0.04], [20313.94, 1.0], [20313.43, 0.1962], [20312.42, 0.02385466], [20310.99, 0.17232044], [20310.38, 0.24], [20309.0, 0.4764142], [20294.0, 3.0]], "asks": [[20320.89, 0.24], [20321.34, 0.07876954], [20321.35, 0.24], [20321.91, 0.24], [20323.54, 0.24], [20323.64, 0.08610662], [20325.39, 1.603], [20325.64, 0.24], [20325.78, 0.19637], [20326.71, 0.17218724]], "ts": 1666772266368}
{"bids": [[20313.96, 0.07876954], [20313.95, 0.04], [20313.94, 1.0], [20313.43, 0.1962], [20312.42, 0.02385466], [20310.99, 0.17232044], [20310.38, 0.24], [20309.92, 0.08616478], [20309.0, 0.4764142], [20294.0, 3.0]], "asks": [[20320.89, 0.24], [20321.34, 0.07876954], [20321.35, 0.24], [20321.91, 0.24], [20323.54, 0.24], [20323.64, 0.08610662], [20325.39, 1.603], [20325.64, 0.24], [20325.78, 0.19637], [20326.71, 0.17218724]], "ts": 1666772266368}
{"bids": [[20314.27, 0.24], [20313.96, 0.07876954], [20313.95, 0.04], [20313.94, 1.0], [20313.43, 0.1962], [20312.42, 0.02385466], [20310.99, 0.17232044], [20310.38, 0.24], [20309.92, 0.08616478], [20309.0, 0.4764142]], "asks": [[20320.89, 0.24], [20321.34, 0.07876954], [20321.35, 0.24], [20321.91, 0.24], [20323.54, 0.24], [20323.64, 0.08610662], [20325.39, 1.603], [20325.64, 0.24], [20325.78, 0.19637], [20326.71, 0.17218724]], "ts": 1666772266369}
{"bids": [[20314.28, 0.07876954], [20314.27, 0.24], [20313.96, 0.07876954], [20313.95, 0.04], [20313.94, 1.0], [20313.43, 0.1962], [20312.42, 0.02385466], [20310.99, 0.17232044], [20310.38, 0.24], [20309.92, 0.08616478]], "asks": [[20320.89, 0.24], [20321.34, 0.07876954], [20321.35, 0.24], [20321.91, 0.24], [20323.54, 0.24], [20323.64, 0.08610662], [20325.39, 1.603], [20325.64, 0.24], [20325.78, 0.19637], [20326.71, 0.17218724]], "ts": 1666772266369}
{"bids": [[20314.28, 0.07876954], [20314.27, 0.24], [20313.96, 0.11876954], [20313.95, 0.04], [20313.94, 1.0], [20313.43, 0.1962], [20312.42, 0.02385466], [20310.99, 0.17232044], [20310.38, 0.24], [20309.92, 0.08616478]], "asks": [[20320.89, 0.24], [20321.34, 0.07876954], [20321.35, 0.24], [20321.91, 0.24], [20323.54, 0.24], [20323.64, 0.08610662], [20325.39, 1.603], [20325.64, 0.24], [20325.78, 0.19637], [20326.71, 0.17218724]], "ts": 1666772266369}
{"bids": [[20314.28, 0.07876954], [20314.27, 0.24], [20313.96, 0.04], [20313.95, 0.04], [20313.94, 1.0], [20313.43, 0.1962], [20312.42, 0.02385466], [20310.99, 0.17232044], [20310.38, 0.24], [20309.92, 0.08616478]], "asks": [[20320.89, 0.24], [20321.34, 0.07876954], [20321.35, 0.24], [20321.91, 0.24], [20323.54, 0.24], [20323.64, 0.08610662], [20325.39, 1.603], [20325.64, 0.24], [20325.78, 0.19637], [20326.71, 0.17218724]], "ts": 1666772266370}
{"bids": [[20314.28, 0.07876954], [20314.27, 0.24], [20313.96, 0.04], [20313.94, 1.0], [20313.43, 0.1962], [20312.42, 0.02385466], [20310.99, 0.17232044], [20310.38, 0.24], [20309.92, 0.08616478]], "asks": [[20320.89, 0.24], [20321.34, 0.07876954], [20321.35, 0.24], [20321.91, 0.24], [20323.54, 0.24], [20323.64, 0.08610662], [20325.39, 1.603], [20325.64, 0.24], [20325.78, 0.19637], [20326.71, 0.17218724]], "ts": 1666772266370}
{"bids": [[20314.28, 0.07876954], [20314.27, 0.24], [20313.96, 0.04], [20313.94, 1.0], [20313.43, 0.1962], [20312.42, 0.02385466], [20310.99, 0.17232044], [20310.38, 0.24], [20309.92, 0.08616478]], "asks": [[20320.89, 0.24], [20321.34, 0.07876954], [20321.35, 0.24], [20321.91, 0.24], [20323.54, 0.24], [20323.64, 0.08610662], [20325.39, 1.603], [20325.64, 0.24], [20325.78, 0.19637], [20326.71, 0.17218724]], "ts": 1666772266370}
{"bids": [[20314.28, 0.07876954], [20314.27, 0.24], [20313.96, 0.04], [20313.94, 1.0], [20313.43, 0.1962], [20312.42, 0.02385466], [20310.99, 0.17232044], [20310.38, 0.24], [20309.92, 0.08616478]], "asks": [[20320.89, 0.24], [20321.34, 0.07876954], [20321.35, 0.24], [20321.91, 0.24], [20323.54, 0.24], [20323.64, 0.08610662], [20325.39, 1.603], [20325.64, 0.24], [20325.78, 0.19637], [20326.71, 0.17218724]], "ts": 1666772266370}
{"bids": [[20314.44, 0.24], [20314.28, 0.07876954], [20314.27, 0.24], [20313.96, 0.04], [20313.94, 1.0], [20313.43, 0.1962], [20312.42, 0.02385466], [20310.99, 0.17232044], [20310.38, 0.24], [20309.92, 0.08616478]], "asks": [[20320.89, 0.24], [20321.34, 0.07876954], [20321.35, 0.24], [20321.91, 0.24], [20323.54, 0.24], [20323.64, 0.08610662], [20325.39, 1.603], [20325.64, 0.24], [20325.78, 0.19637], [20326.71, 0.17218724]], "ts": 1666772266371}
{"bids": [[20314.44, 0.24], [20314.28, 0.07876954], [20314.27, 0.24], [20313.96, 0.04], [20313.94, 1.0], [20313.43, 0.1962], [20312.42, 0.02385466], [20310.99, 0.17232044], [20310.38, 0.24], [20309.92, 0.08616478]], "asks": [[20320.89, 0.24], [20321.34, 0.07876954], [20321.35, 0.24], [20321.91, 0.24], [20323.54, 0.24], [20323.64, 0.08610662], [20325.39, 1.603], [20325.64, 0.24], [20325.78, 0.19637], [20326.71, 0.17218724]], "ts": 1666772266371}
{"bids": [[20314.44, 0.24], [20314.28, 0.07876954], [20314.27, 0.24], [20313.96, 0.04], [20313.94, 1.0], [20313.43, 0.1962], [20312.42, 0.02385466], [20310.99, 0.17232044], [20310.38, 0.24], [20309.92, 0.08616478]], "asks": [[20320.89, 0.24], [20321.34, 0.07876954], [20321.91, 0.24], [20323.54, 0.24], [20323.64, 0.08610662], [20325.39, 1.603], [20325.64, 0.24], [20325.78, 0.19637], [20326.71, 0.17218724]], "ts": 1666772266371}
{"bids": [[20314.45, 0.07876954], [20314.44, 0.24], [20314.28, 0.07876954], [20314.27, 0.24], [20313.96, 0.04], [20313.94, 1.0], [20313.43, 0.1962], [20312.42, 0.02385466], [20310.99, 0.17232044], [20310.38, 0.24]], "asks": [[20320.89, 0.24], [20321.34, 0.07876954], [20321.91, 0.24], [20323.54, 0.24], [20323.64, 0.08610662], [20325.39, 1.603], [20325.64, 0.24], [20325.78, 0.19637], [20326.71, 0.17218724]], "ts": 1666772266372}
{"bids": [[20314.45, 0.07876954], [20314.44, 0.24], [20314.27, 0.24], [20313.96, 0.04], [20313.94, 1.0], [20313.43, 0.1962], [20312.42, 0.02385466], [20310.99, 0.17232044], [20310.38, 0.24]], "asks": [[20320.89, 0.24], [20321.34, 0.07876954], [20321.91, 0.24], [20323.54, 0.24], [20323.64, 0.08610662], [20325.39, 1.603], [20325.64, 0.24], [20325.78, 0.19637], [20326.71, 0.17218724]], "ts": 1666772266372}
{"bids": [[20314.6, 0.24], [20314.45, 0.07876954], [20314.44, 0.24], [20314.27, 0.24], [20313.96, 0.04], [20313.94, 1.0], [20313.43, 0.1962], [20312.42, 0.02385466], [20310.99, 0.17232044], [20310.38, 0.24]], "asks": [[20320.89, 0.24], [20321.34, 0.07876954], [20321.91, 0.24], [20323.54, 0.24], [20323.64, 0.08610662], [20325.39, 1.603], [20325.64, 0.24], [20325.78, 0.19637], [20326.71, 0.17218724]], "ts": 1666772266372}
{"bids": [[20314.6, 0.24], [20314.45, 0.07876954], [20314.44, 0.24], [20314.27, 0.24], [20313.96, 0.04], [20313.94, 1.0], [20313.43, 0.1962], [20312.42, 0.02385466], [20310.99, 0.17232044], [20310.38, 0.24]], "asks": [[20320.89, 0.24], [20321.91, 0.24], [20323.54, 0.24], [20323.64, 0.08610662], [20325.39, 1.603], [20325.64, 0.24], [20325.78, 0.19637], [20326.71, 0.17218724]], "ts": 1666772266373}
{"bids": [[20314.6, 0.24], [20314.45, 0.07876954], [20314.44, 0.24], [20313.96, 0.04], [20313.94, 1.0], [20313.43, 0.1962], [20312.42, 0.02385466], [20310.99, 0.17232044], [20310.38, 0.24]], "asks": [[20320.89, 0.24], [20321.91, 0.24], [20323.54, 0.24], [20323.64, 0.08610662], [20325.39, 1.603], [20325.64, 0.24], [20325.78, 0.19637], [20326.71, 0.17218724]], "ts": 1666772266373}
{"bids": [[20314.6, 0.24], [20314.45, 0.07876954], [20314.44, 0.24], [20313.96, 0.04], [20313.94, 1.0], [20313.43, 0.1962], [20312.42, 0.02385466], [20310.99, 0.17232044], [20310.38, 0.24]], "asks": [[20320.89, 0.24], [20321.91, 0.24], [20323.53, 0.07876954], [20323.54, 0.24], [20323.64, 0.08610662], [20325.39, 1.603], [20325.64, 0.24], [20325.78, 0.19637], [20326.71, 0.17218724]], "ts": 1666772266373}
{"bids": [[20314.6, 0.24], [20314.45, 0.07876954], [20314.44, 0.24], [20313.96, 0.04], [20313.94, 1.0], [20313.43, 0.1962], [20312.42, 0.02385466], [20310.99, 0.17232044], [20310.38, 0.24]], "asks": [[20320.89, 0.24], [20321.91, 0.24], [20323.54, 0.24], [20323.64, 0.08610662], [20325.39, 1.603], [20325.64, 0.24], [20325.78, 0.19637], [20326.71, 0.17218724]], "ts": 1666772266373}
{"bids": [[20314.6, 0.24], [20314.45, 0.07876954], [20314.44, 0.24], [20313.96, 0.04], [20313.94, 1.0], [20313.43, 0.1962], [20312.42, 0.02385466], [20310.99, 0.17232044], [20310.38, 0.24]], "asks": [[20320.89, 0.24], [20323.54, 0.24], [20323.64, 0.08610662], [20325.39, 1.603], [20325.64, 0.24], [20325.78, 0.19637], [20326.71, 0.17218724]], "ts": 1666772266374}
{"bids": [[20314.61, 0.07876954], [20314.6, 0.24], [20314.45, 0.07876954], [20314.44, 0.24], [20313.96, 0.04], [20313.94, 1.0], [20313.43, 0.1962], [20312.42, 0.02385466], [20310.99, 0.17232044], [20310.38, 0.24]], "asks": [[20320.89, 0.24], [20323.54, 0.24], [20323.64, 0.08610662], [20325.39, 1.603], [20325.64, 0.24], [20325.78, 0.19637], [20326.71, 0.17218724]], "ts": 1666772266374}
{"bids": [[20314.61, 0.07876954], [20314.6, 0.24], [20314.44, 0.24], [20313.96, 0.04], [20313.94, 1.0], [20313.43, 0.1962], [20312.42, 0.02385466], [20310.99, 0.17232044], [20310.38, 0.24]], "asks": [[20320.89, 0.24], [20323.54, 0.24], [20323.64, 0.08610662], [20325.39, 1.603], [20325.64, 0.24], [20325.78, 0.19637], [20326.71, 0.17218724]], "ts": 1666772266374}
{"bids": [[20314.67, 0.24], [20314.61, 0.07876954], [20314.6, 0.24], [20314.44, 0.24], [20313.96, 0.04], [20313.94, 1.0], [20313.43, 0.1962], [20312.42, 0.02385466], [20310.99, 0.17232044], [20310.38, 0.24]], "asks": [[20320.89, 0.24], [20323.54, 0.24], [20323.64, 0.08610662], [20325.39, 1.603], [20325.64, 0.24], [20325.78, 0.19637], [20326.71, 0.17218724]], "ts": 1666772266374}
{"bids": [[20314.67, 0.24], [20314.61, 0.07876954], [20314.6, 0.24], [20314.44, 0.24], [20313.96, 0.04], [20313.94, 1.0], [20313.43, 0.1962], [20312.42, 0.02385466], [20310.99, 0.17232044], [20310.38, 0.24]], "asks": [[20320.89, 0.24], [20323.53, 0.07876954], [20323.54, 0.24], [20323.64, 0.08610662], [20325.39, 1.603], [20325.64, 0.24], [20325.78, 0.19637], [20326.71, 0.17218724]], "ts": 1666772266375}
{"bids": [[20314.67, 0.24], [20314.61, 0.07876954], [20314.6, 0.24], [20314.44, 0.24], [20313.96, 0.04], [20313.94, 1.0], [20313.43, 0.1962], [20312.42, 0.02385466], [20310.99, 0.17232044], [20310.38, 0.24]], "asks": [[20320.89, 0.24], [20323.54, 0.24], [20323.64, 0.08610662], [20325.39, 1.603], [20325.64, 0.24], [20325.78, 0.19637], [20326.71, 0.17218724]], "ts": 1666772266375}
{"bids": [[20314.67, 0.24], [20314.61, 0.07876954], [20314.6, 0.24], [20313.96, 0.04], [20313.94, 1.0], [20313.43, 0.1962], [20312.42, 0.02385466], [20310.99, 0.17232044], [20310.38, 0.24]], "asks": [[20320.89, 0.24], [20323.54, 0.24], [20323.64, 0.08610662], [20325.39, 1.603], [20325.64, 0.24], [20325.78, 0.19637], [20326.71, 0.17218724]], "ts": 1666772266375}
{"bids": [[20314.67, 0.24], [20314.61, 0.07876954], [20314.6, 0.24], [20313.96, 0.04], [20313.94, 1.0], [20313.43, 0.1962], [20312.42, 0.02385466], [20310.99, 0.17232044], [20310.38, 0.24]], "asks": [[20320.89, 0.24], [20323.53, 0.07876954], [20323.54, 0.24], [20323.64, 0.08610662], [20325.39, 1.603], [20325.64, 0.24], [20325.78, 0.19637], [20326.71, 0.17218724]], "ts": 1666772266375}
{"bids": [[20314.67, 0.24], [20314.61, 0.07876954], [20314.6, 0.24], [20313.96, 0.04], [20313.94, 1.0], [20313.43, 0.1962], [20312.57, 0.24], [20312.42, 0.02385466], [20310.99, 0.17232044], [20310.38, 0.24]], "asks": [[20320.89, 0.24], [20323.53, 0.07876954], [20323.54, 0.24], [20323.64, 0.08610662], [20325.39, 1.603], [20325.64, 0.24], [20325.78, 0.19637], [20326.71, 0.17218724]], "ts": 1666772266376}
{"bids": [[20314.68, 0.07876954], [20314.67, 0.24], [20314.61, 0.07876954], [20314.6, 0.24], [20313.96, 0.04], [20313.94, 1.0], [20313.43, 0.1962], [20312.57, 0.24], [20312.42, 0.02385466], [20310.99, 0.17232044]], "asks": [[20320.89, 0.24], [20323.53, 0.07876954], [20323.54, 0.24], [20323.64, 0.08610662], [20325.39, 1.603], [20325.64, 0.24], [20325.78, 0.19637], [20326.71, 0.17218724]], "ts": 1666772266376}
{"bids": [[20314.68, 0.07876954], [20314.67, 0.24], [20314.6, 0.24], [20313.96, 0.04], [20313.94, 1.0], [20313.43, 0.1962], [20312.57, 0.24], [20312.42, 0.02385466], [20310.99, 0.17232044]], "asks": [[20320.89, 0.24], [20323.53, 0.07876954], [20323.54, 0.24], [20323.64, 0.08610662], [20325.39, 1.603], [20325.64, 0.24], [20325.78, 0.19637], [20326.71, 0.17218724]], "ts": 1666772266376}
{"bids": [[20314.68, 0.07876954], [20314.67, 0.24], [20314.6, 0.24], [20313.96, 0.04], [20313.94, 1.0], [20313.43, 0.1962], [20312.57, 0.24], [20312.42, 0.02385466], [20310.99, 0.17232044]], "asks": [[20320.89, 0.24], [20323.54, 0.24], [20323.64, 0.08610662], [20325.39, 1.603], [20325.64, 0.24], [20325.78, 0.19637], [20326.71, 0.17218724]], "ts": 1666772266376}
{"bids": [[20314.68, 0.07876954], [20314.67, 0.24], [20314.6, 0.24], [20313.96, 0.04], [20313.94, 1.0], [20313.43, 0.1962], [20312.57, 0.24], [20312.42, 0.02385466], [20310.99, 0.17232044]], "asks": [[20320.89, 0.24], [20323.53, 0.07876954], [20323.54, 0.24], [20323.64, 0.08610662], [20325.39, 1.603], [20325.64, 0.24], [20325.78, 0.19637], [20326.71, 0.17218724]], "ts": 1666772266377}
{"bids": [[20314.68, 0.07876954], [20314.67, 0.24], [20314.6, 0.24], [20313.96, 0.04], [20313.94, 1.0], [20313.43, 0.1962], [20312.57, 0.24], [20312.42, 0.02385466], [20310.99, 0.17232044]], "asks": [[20320.89, 0.24], [20323.54, 0.24], [20323.64, 0.08610662], [20325.39, 1.603], [20325.64, 0.24], [20325.78, 0.19637], [20326.71, 0.17218724]], "ts": 1666772266377}
{"bids": [[20314.68, 0.07876954], [20314.67, 0.24], [20313.96, 0.04], [20313.94, 1.0], [20313.43, 0.1962], [20312.57, 0.24], [20312.42, 0.02385466], [20310.99, 0.17232044]], "asks": [[20320.89, 0.24], [20323.54, 0.24], [20323.64, 0.08610662], [20325.39, 1.603], [20325.64, 0.24], [20325.78, 0.19637], [20326.71, 0.17218724]], "ts": 1666772266377}
{"bids": [[20314.68, 0.07876954], [20314.67, 0.24], [20313.96, 0.04], [20313.94, 1.0], [20313.43, 0.1962], [20312.57, 0.24], [20312.42, 0.02385466], [20310.99, 0.17232044]], "asks": [[20320.89, 0.24], [20323.52, 0.07876954], [20323.54, 0.24], [20323.64, 0.08610662], [20325.39, 1.603], [20325.64, 0.24], [20325.78, 0.19637], [20326.71, 0.17218724]], "ts": 1666772266378}
{"bids": [[20314.68, 0.07876954], [20314.67, 0.24], [20313.96, 0.04], [20313.94, 1.0], [20313.43, 0.1962], [20312.57, 0.24], [20312.42, 0.02385466], [20310.99, 0.17232044]], "asks": [[20320.89, 0.24], [20323.52, 0.07876954], [20323.54, 0.24], [20323.64, 0.08610662], [20325.39, 1.603], [20325.64, 0.24], [20325.78, 0.19637], [20326.71, 0.17218724]], "ts": 1666772266378}
{"bids": [[20314.68, 0.07876954], [20314.67, 0.24], [20313.96, 0.04], [20313.43, 0.1962], [20312.57, 0.24], [20312.42, 0.02385466], [20310.99, 0.17232044]], "asks": [[20320.89, 0.24], [20323.52, 0.07876954], [20323.54, 0.24], [20323.64, 0.08610662], [20325.39, 1.603], [20325.64, 0.24], [20325.78, 0.19637], [20326.71, 0.17218724]], "ts": 1666772266378}
{"bids": [[20314.68, 0.07876954], [20314.67, 0.24], [20313.96, 0.04], [20313.43, 0.1962], [20312.57, 0.24], [20312.42, 0.02385466], [20310.99, 0.17232044]], "asks": [[20320.89, 0.24], [20323.52, 0.07876954], [20323.54, 0.24], [20323.64, 0.08610662], [20325.39, 1.603], [20325.64, 0.24], [20325.78, 0.19637], [20326.71, 0.17218724], [20338.78, 1.0]], "ts": 1666772266378}
{"bids": [[20314.68, 0.07876954], [20314.67, 0.24], [20314.44, 1.0], [20313.96, 0.04], [20313.43, 0.1962], [20312.57, 0.24], [20312.42, 0.02385466], [20310.99, 0.17232044]], "asks": [[20320.89, 0.24], [20323.52, 0.07876954], [20323.54, 0.24], [20323.64, 0.08610662], [20325.39, 1.603], [20325.64, 0.24], [20325.78, 0.19637], [20326.71, 0.17218724], [20338.78, 1.0]], "ts": 1666772266379}
{"bids": [[20314.72, 0.24], [20314.68, 0.07876954], [20314.67, 0.24], [20314.44, 1.0], [20313.96, 0.04], [20313.43, 0.1962], [20312.57, 0.24], [20312.42, 0.02385466], [20310.99, 0.17232044]], "asks": [[20320.89, 0.24], [20323.52, 0.07876954], [20323.54, 0.24], [20323.64, 0.08610662], [20325.39, 1.603], [20325.64, 0.24], [20325.78, 0.19637], [20326.71, 0.17218724], [20338.78, 1.0]], "ts": 1666772266379}
{"bids": [[20314.73, 0.07876954], [20314.72, 0.24], [20314.68, 0.07876954], [20314.67, 0.24], [20314.44, 1.0], [20313.96, 0.04], [20313.43, 0.1962], [20312.57, 0.24], [20312.42, 0.02385466], [20310.99, 0.17232044]], "asks": [[20320.89, 0.24], [20323.52, 0.07876954], [20323.54, 0.24], [20323.64, 0.08610662], [20325.39, 1.603], [20325.64, 0.24], [20325.78, 0.19637], [20326.71, 0.17218724], [20338.78, 1.0]], "ts": 1666772266379}
{"bids": [[20314.73, 0.07876954], [20314.72, 0.24], [20314.67, 0.24], [20314.44, 1.0], [20313.96, 0.04], [20313.43, 0.1962], [20312.57, 0.24], [20312.42, 0.02385466], [20310.99, 0.17232044]], "asks": [[20320.89, 0.24], [20323.52, 0.07876954], [20323.54, 0.24], [20323.64, 0.08610662], [20325.39, 1.603], [20325.64, 0.24], [20325.78, 0.19637], [20326.71, 0.17218724], [20338.78, 1.0]], "ts": 1666772266379}
{"bids": [[20314.86, 0.24], [20314.73, 0.07876954], [20314.72, 0.24], [20314.67, 0.24], [20314.44, 1.0], [20313.96, 0.04], [20313.43, 0.1962], [20312.57, 0.24], [20312.42, 0.02385466], [20310.99, 0.17232044]], "asks": [[20320.89, 0.24], [20323.52, 0.07876954], [20323.54, 0.24], [20323.64, 0.08610662], [20325.39, 1.603], [20325.64, 0.24], [20325.78, 0.19637], [20326.71, 0.17218724], [20338.78, 1.0]], "ts": 1666772266380}
{"bids": [[20314.86, 0.24], [20314.73, 0.07876954], [20314.72, 0.24], [20314.44, 1.0], [20313.96, 0.04], [20313.43, 0.1962], [20312.57, 0.24], [20312.42, 0.02385466], [20310.99, 0.17232044]], "asks": [[20320.89, 0.24], [20323.52, 0.07876954], [20323.54, 0.24], [20323.64, 0.08610662], [20325.39, 1.603], [20325.64, 0.24], [20325.78, 0.19637], [20326.71, 0.17218724], [20338.78, 1.0]], "ts": 1666772266380}
{"bids": [[20314.87, 0.07876954], [20314.86, 0.24], [20314.73, 0.07876954], [20314.72, 0.24], [20314.44, 1.0], [20313.96, 0.04], [20313.43, 0.1962], [20312.57, 0.24], [20312.42, 0.02385466], [20310.99, 0.17232044]], "asks": [[20320.89, 0.24], [20323.52, 0.07876954], [20323.54, 0.24], [20323.64, 0.08610662], [20325.39, 1.603], [20325.64, 0.24], [20325.78, 0.19637], [20326.71, 0.17218724], [20338.78, 1.0]], "ts": 1666772266380}
{"bids": [[20314.87, 0.07876954], [20314.86, 0.24], [20314.72, 0.24], [20314.44, 1.0], [20313.96, 0.04], [20313.43, 0.1962], [20312.57, 0.24], [20312.42, 0.02385466], [20310.99, 0.17232044]], "asks": [[20320.89, 0.24], [20323.52, 0.07876954], [20323.54, 0.24], [20323.64, 0.08610662], [20325.39, 1.603], [20325.64, 0.24], [20325.78, 0.19637], [20326.71, 0.17218724], [20338.78, 1.0]], "ts": 1666772266380}
{"bids": [[20314.87, 0.31876954], [20314.86, 0.24], [20314.72, 0.24], [20314.44, 1.0], [20313.96, 0.04], [20313.43, 0.1962], [20312.57, 0.24], [20312.42, 0.02385466], [20310.99, 0.17232044]], "asks": [[20320.89, 0.24], [20323.52, 0.07876954], [20323.54, 0.24], [20323.64, 0.08610662], [20325.39, 1.603], [20325.64, 0.24], [20325.78, 0.19637], [20326.71, 0.17218724], [20338.78, 1.0]], "ts": 1666772266381}
{"bids": [[20314.87, 0.31876954], [20314.86, 0.24], [20314.44, 1.0], [20313.96, 0.04], [20313.43, 0.1962], [20312.57, 0.24], [20312.42, 0.02385466], [20310.99, 0.17232044]], "asks": [[20320.89, 0.24], [20323.52, 0.07876954], [20323.54, 0.24], [20323.64, 0.08610662], [20325.39, 1.603], [20325.64, 0.24], [20325.78, 0.19637], [20326.71, 0.17218724], [20338.78, 1.0]], "ts": 1666772266381}
{"bids": [[20314.87, 0.31876954], [20314.44, 1.0], [20313.96, 0.04], [20313.43, 0.1962], [20312.57, 0.24], [20312.42, 0.02385466], [20310.99, 0.17232044]], "asks": [[20320.89, 0.24], [20323.52, 0.07876954], [20323.54, 0.24], [20323.64, 0.08610662], [20325.39, 1.603], [20325.64, 0.24], [20325.78, 0.19637], [20326.71, 0.17218724], [20338.78, 1.0]], "ts": 1666772266381}
{"bids": [[20314.88, 0.07876954], [20314.87, 0.31876954], [20314.44, 1.0], [20313.96, 0.04], [20313.43, 0.1962], [20312.57, 0.24], [20312.42, 0.02385466], [20310.99, 0.17232044]], "asks": [[20320.89, 0.24], [20323.52, 0.07876954], [20323.54, 0.24], [20323.64, 0.08610662], [20325.39, 1.603], [20325.64, 0.24], [20325.78, 0.19637], [20326.71, 0.17218724], [20338.78, 1.0]], "ts": 1666772266381}
{"bids": [[20314.88, 0.07876954], [20314.87, 0.24], [20314.44, 1.0], [20313.96, 0.04], [20313.43, 0.1962], [20312.57, 0.24], [20312.42, 0.02385466], [20310.99, 0.17232044]], "asks": [[20320.89, 0.24], [20323.52, 0.07876954], [20323.54, 0.24], [20323.64, 0.08610662], [20325.39, 1.603], [20325.64, 0.24], [20325.78, 0.19637], [20326.71, 0.17218724], [20338.78, 1.0]], "ts": 1666772266382}
{"bids": [[20314.9, 0.24], [20314.88, 0.07876954], [20314.87, 0.24], [20314.44, 1.0], [20313.96, 0.04], [20313.43, 0.1962], [20312.57, 0.24], [20312.42, 0.02385466], [20310.99, 0.17232044]], "asks": [[20320.89, 0.24], [20323.52, 0.07876954], [20323.54, 0.24], [20323.64, 0.08610662], [20325.39, 1.603], [20325.64, 0.24], [20325.78, 0.19637], [20326.71, 0.17218724], [20338.78, 1.0]], "ts": 1666772266382}
{"bids": [[20314.91, 0.07876954], [20314.9, 0.24], [20314.88, 0.07876954], [20314.87, 0.24], [20314.44, 1.0], [20313.96, 0.04], [20313.43, 0.1962], [20312.57, 0.24], [20312.42, 0.02385466], [20310.99, 0.17232044]], "asks": [[20320.89, 0.24], [20323.52, 0.07876954], [20323.54, 0.24], [20323.64, 0.08610662], [20325.39, 1.603], [20325.64, 0.24], [20325.78, 0.19637], [20326.71, 0.17218724], [20338.78, 1.0]], "ts": 1666772266382}
{"bids": [[20314.91, 0.07876954], [20314.9, 0.24], [20314.87, 0.24], [20314.44, 1.0], [20313.96, 0.04], [20313.43, 0.1962], [20312.57, 0.24], [20312.42, 0.02385466], [20310.99, 0.17232044]], "asks": [[20320.89, 0.24], [20323.52, 0.07876954], [20323.54, 0.24], [20323.64, 0.08610662], [20325.39, 1.603], [20325.64, 0.24], [20325.78, 0.19637], [20326.71, 0.17218724], [20338.78, 1.0]], "ts": 1666772266382}
{"bids": [[20314.91, 0.31876954], [20314.9, 0.24], [20314.87, 0.24], [20314.44, 1.0], [20313.96, 0.04], [20313.43, 0.1962], [20312.57, 0.24], [20312.42, 0.02385466], [20310.99, 0.17232044]], "asks": [[20320.89, 0.24], [20323.52, 0.07876954], [20323.54, 0.24], [20323.64, 0.08610662], [20325.39, 1.603], [20325.64, 0.24], [20325.78, 0.19637], [20326.71, 0.17218724], [20338.78, 1.0]], "ts": 1666772266383}
{"bids": [[20314.91, 0.31876954], [20314.9, 0.24], [20314.44, 1.0], [20313.96, 0.04], [20313.43, 0.1962], [20312.57, 0.24], [20312.42, 0.02385466], [20310.99, 0.17232044]], "asks": [[20320.89, 0.24], [20323.52, 0.07876954], [20323.54, 0.24], [20323.64, 0.08610662], [20325.39, 1.603], [20325.64, 0.24], [20325.78, 0.19637], [20326.71, 0.17218724], [20338.78, 1.0]], "ts": 1666772266383}
{"bids": [[20314.91, 0.31876954], [20314.44, 1.0], [20313.96, 0.04], [20313.43, 0.1962], [20312.57, 0.24], [20312.42, 0.02385466], [20310.99, 0.17232044]], "asks": [[20320.89, 0.24], [20323.52, 0.07876954], [20323.54, 0.24], [20323.64, 0.08610662], [20325.39, 1.603], [20325.64, 0.24], [20325.78, 0.19637], [20326.71, 0.17218724], [20338.78, 1.0]], "ts": 1666772266383}
{"bids": [[20314.92, 0.07876954], [20314.91, 0.31876954], [20314.44, 1.0], [20313.96, 0.04], [20313.43, 0.1962], [20312.57, 0.24], [20312.42, 0.02385466], [20310.99, 0.17232044]], "asks": [[20320.89, 0.24], [20323.52, 0.07876954], [20323.54, 0.24], [20323.64, 0.08610662], [20325.39, 1.603], [20325.64, 0.24], [20325.78, 0.19637], [20326.71, 0.17218724], [20338.78, 1.0]], "ts": 1666772266384}
{"bids": [[20314.92, 0.07876954], [20314.91, 0.24], [20314.44, 1.0], [20313.96, 0.04], [20313.43, 0.1962], [20312.57, 0.24], [20312.42, 0.02385466], [20310.99, 0.17232044]], "asks": [[20320.89, 0.24], [20323.52, 0.07876954], [20323.54, 0.24], [20323.64, 0.08610662], [20325.39, 1.603], [20325.64, 0.24], [20325.78, 0.19637], [20326.71, 0.17218724], [20338.78, 1.0]], "ts": 1666772266384}
{"bids": [[20314.92, 0.07876954], [20314.91, 0.24], [20314.44, 1.0], [20313.96, 0.04], [20313.43, 0.1962], [20312.57, 0.24], [20312.42, 0.02385466], [20310.99, 0.17232044]], "asks": [[20320.89, 0.24], [20323.52, 0.07876954], [20323.54, 0.24], [20323.64, 0.08610662], [20325.39, 1.603], [20325.64, 0.24], [20325.78, 0.19637], [20326.71, 0.17218724]], "ts": 1666772266384}
{"bids": [[20314.92, 0.07876954], [20314.91, 0.24], [20314.44, 1.0], [20313.96, 0.04], [20313.43, 0.1962], [20312.57, 0.24], [20312.42, 0.02385466], [20310.99, 0.17232044]], "asks": [[20320.89, 0.24], [20323.52, 0.07876954], [20323.54, 0.24], [20323.64, 0.08610662], [20325.39, 1.603], [20325.64, 0.24], [20325.78, 0.19637], [20326.71, 0.17218724], [20339.38, 1.0]], "ts": 1666772266384}
{"bids": [[20314.92, 0.07876954], [20314.91, 0.24], [20314.44, 1.0], [20313.96, 0.04], [20313.43, 0.1962], [20312.57, 0.24], [20312.42, 0.02385466], [20310.99, 0.17232044]], "asks": [[20320.89, 0.24], [20323.52, 0.07876954], [20323.54, 0.24], [20323.64, 0.08610662], [20325.39, 1.603], [20325.64, 0.24], [20325.78, 0.19637], [20326.71, 0.17218724]], "ts": 1666772266385}
{"bids": [[20314.92, 0.07876954], [20314.91, 0.24], [20314.44, 1.0], [20313.96, 0.04], [20313.43, 0.1962], [20312.57, 0.24], [20312.42, 0.02385466], [20310.99, 0.17232044]], "asks": [[20320.89, 0.24], [20323.52, 0.07876954], [20323.54, 0.24], [20323.64, 0.08610662], [20325.39, 1.603], [20325.64, 0.24], [20325.78, 0.19637], [20326.71, 0.17218724], [20339.67, 1.0]], "ts": 1666772266385}
{"bids": [[20314.92, 0.07876954], [20314.91, 0.24], [20313.96, 0.04], [20313.43, 0.1962], [20312.57, 0.24], [20312.42, 0.02385466], [20310.99, 0.17232044]], "asks": [[20320.89, 0.24], [20323.52, 0.07876954], [20323.54, 0.24], [20323.64, 0.08610662], [20325.39, 1.603], [20325.64, 0.24], [20325.78, 0.19637], [20326.71, 0.17218724], [20339.67, 1.0]], "ts": 1666772266385}
{"bids": [[20314.92, 0.07876954], [20314.91, 0.24], [20313.96, 0.04], [20313.43, 0.1962], [20312.57, 0.24], [20312.56, 1.0], [20312.42, 0.02385466], [20310.99, 0.17232044]], "asks": [[20320.89, 0.24], [20323.52, 0.07876954], [20323.54, 0.24], [20323.64, 0.08610662], [20325.39, 1.603], [20325.64, 0.24], [20325.78, 0.19637], [20326.71, 0.17218724], [20339.67, 1.0]], "ts": 1666772266386}
{"bids": [[20314.92, 0.07876954], [20314.91, 0.24], [20313.96, 0.04], [20313.43, 0.1962], [20312.57, 0.24], [20312.42, 0.02385466], [20310.99, 0.17232044]], "asks": [[20320.89, 0.24], [20323.52, 0.07876954], [20323.54, 0.24], [20323.64, 0.08610662], [20325.39, 1.603], [20325.64, 0.24], [20325.78, 0.19637], [20326.71, 0.17218724], [20339.67, 1.0]], "ts": 1666772266386}
{"bids": [[20314.92, 0.07876954], [20314.91, 0.24], [20313.96, 0.04], [20313.43, 0.1962], [20312.57, 0.24], [20312.42, 0.02385466], [20312.31, 1.0], [20310.99, 0.17232044]], "asks": [[20320.89, 0.24], [20323.52, 0.07876954], [20323.54, 0.24], [20323.64, 0.08610662], [20325.39, 1.603], [20325.64, 0.24], [20325.78, 0.19637], [20326.71, 0.17218724], [20339.67, 1.0]], "ts": 1666772266386}
{"bids": [[20314.92, 0.07876954], [20314.91, 0.24], [20313.96, 0.04], [20313.43, 0.1962], [20312.57, 0.24], [20312.42, 0.02385466], [20312.31, 1.0], [20310.99, 0.17232044]], "asks": [[20320.89, 0.24], [20323.52, 0.07876954], [20323.54, 0.24], [20323.64, 0.08610662], [20325.39, 1.603], [20325.64, 0.24], [20325.78, 0.19637], [20326.71, 0.17218724], [20326.95, 0.4], [20339.67, 1.0]], "ts": 1666772266386}
{"bids": [[20314.92, 0.07876954], [20314.91, 0.24], [20313.96, 0.04], [20313.43, 0.1962], [20312.57, 0.24], [20312.42, 0.02385466], [20310.99, 0.17232044]], "asks": [[20320.89, 0.24], [20323.52, 0.07876954], [20323.54, 0.24], [20323.64, 0.08610662], [20325.39, 1.603], [20325.64, 0.24], [20325.78, 0.19637], [20326.71, 0.17218724], [20326.95, 0.4], [20339.67, 1.0]], "ts": 1666772266387}
{"bids": [[20314.92, 0.07876954], [20314.91, 0.24], [20313.96, 0.04], [20313.43, 0.1962], [20312.57, 0.24], [20312.42, 0.02385466], [20312.06, 1.0], [20310.99, 0.17232044]], "asks": [[20320.89, 0.24], [20323.52, 0.07876954], [20323.54, 0.24], [20323.64, 0.08610662], [20325.39, 1.603], [20325.64, 0.24], [20325.78, 0.19637], [20326.71, 0.17218724], [20326.95, 0.4], [20339.67, 1.0]], "ts": 1666772266387}
{"bids": [[20314.92, 0.07876954], [20314.91, 0.24], [20313.96, 0.04], [20313.43, 0.1962], [20312.57, 0.24], [20312.42, 0.02385466], [20312.06, 1.0], [20310.99, 0.17232044], [20299.0, 3.0]], "asks": [[20320.89, 0.24], [20323.52, 0.07876954], [20323.54, 0.24], [20323.64, 0.08610662], [20325.39, 1.603], [20325.64, 0.24], [20325.78, 0.19637], [20326.71, 0.17218724], [20326.95, 0.4], [20339.67, 1.0]], "ts": 1666772266387}
{"bids": [[20315.0, 0.24], [20314.92, 0.07876954], [20314.91, 0.24], [20313.96, 0.04], [20313.43, 0.1962], [20312.57, 0.24], [20312.42, 0.02385466], [20312.06, 1.0], [20310.99, 0.17232044], [20299.0, 3.0]], "asks": [[20320.89, 0.24], [20323.52, 0.07876954], [20323.54, 0.24], [20323.64, 0.08610662], [20325.39, 1.603], [20325.64, 0.24], [20325.78, 0.19637], [20326.71, 0.17218724], [20326.95, 0.4], [20339.67, 1.0]], "ts": 1666772266388}
{"bids": [[20315.01, 0.07876954], [20315.0, 0.24], [20314.92, 0.07876954], [20314.91, 0.24], [20313.96, 0.04], [20313.43, 0.1962], [20312.57, 0.24], [20312.42, 0.02385466], [20312.06, 1.0], [20310.99, 0.17232044]], "asks": [[20320.89, 0.24], [20323.52, 0.07876954], [20323.54, 0.24], [20323.64, 0.08610662], [20325.39, 1.603], [20325.64, 0.24], [20325.78, 0.19637], [20326.71, 0.17218724], [20326.95, 0.4], [20339.67, 1.0]], "ts": 1666772266388}
{"bids": [[20315.01, 0.07876954], [20315.0, 0.24], [20314.91, 0.24], [20313.96, 0.04], [20313.43, 0.1962], [20312.57, 0.24], [20312.42, 0.02385466], [20312.06, 1.0], [20310.99, 0.17232044]], "asks": [[20320.89, 0.24], [20323.52, 0.07876954], [20323.54, 0.24], [20323.64, 0.08610662], [20325.39, 1.603], [20325.64, 0.24], [20325.78, 0.19637], [20326.71, 0.17218724], [20326.95, 0.4], [20339.67, 1.0]], "ts": 1666772266388}
{"bids": [[20315.01, 0.07876954], [20315.0, 0.24], [20313.96, 0.04], [20313.43, 0.1962], [20312.57, 0.24], [20312.42, 0.02385466], [20312.06, 1.0], [20310.99, 0.17232044]], "asks": [[20320.89, 0.24], [20323.52, 0.07876954], [20323.54, 0.24], [20323.64, 0.08610662], [20325.39, 1.603], [20325.64, 0.24], [20325.78, 0.19637], [20326.71, 0.17218724], [20326.95, 0.4], [20339.67, 1.0]], "ts": 1666772266388}
{"bids": [[20315.0, 0.24], [20313.96, 0.04], [20313.43, 0.1962], [20312.57, 0.24], [20312.42, 0.02385466], [20312.06, 1.0], [20310.99, 0.17232044]], "asks": [[20320.89, 0.24], [20323.52, 0.07876954], [20323.54, 0.24], [20323.64, 0.08610662], [20325.39, 1.603], [20325.64, 0.24], [20325.78, 0.19637], [20326.71, 0.17218724], [20326.95, 0.4], [20339.67, 1.0]], "ts": 1666772266389}
{"bids": [[20315.0, 0.24], [20313.97, 0.07876954], [20313.96, 0.04], [20313.43, 0.1962], [20312.57, 0.24], [20312.42, 0.02385466], [20312.06, 1.0], [20310.99, 0.17232044]], "asks": [[20320.89, 0.24], [20323.52, 0.07876954], [20323.54, 0.24], [20323.64, 0.08610662], [20325.39, 1.603], [20325.64, 0.24], [20325.78, 0.19637], [20326.71, 0.17218724], [20326.95, 0.4], [20339.67, 1.0]], "ts": 1666772266389}
{"bids": [[20315.0, 0.28], [20313.97, 0.07876954], [20313.96, 0.04], [20313.43, 0.1962], [20312.57, 0.24], [20312.42, 0.02385466], [20312.06, 1.0], [20310.99, 0.17232044]], "asks": [[20320.89, 0.24], [20323.52, 0.07876954], [20323.54, 0.24], [20323.64, 0.08610662], [20325.39, 1.603], [20325.64, 0.24], [20325.78, 0.19637], [20326.71, 0.17218724], [20326.95, 0.4], [20339.67, 1.0]], "ts": 1666772266389}
{"bids": [[20315.0, 0.28], [20313.97, 0.07876954], [20313.43, 0.1962], [20312.57, 0.24], [20312.42, 0.02385466], [20312.06, 1.0], [20310.99, 0.17232044]], "asks": [[20320.89, 0.24], [20323.52, 0.07876954], [20323.54, 0.24], [20323.64, 0.08610662], [20325.39, 1.603], [20325.64, 0.24], [20325.78, 0.19637], [20326.71, 0.17218724], [20326.95, 0.4], [20339.67, 1.0]], "ts": 1666772266390}
{"bids": [[20315.01, 0.07876954], [20315.0, 0.28], [20313.97, 0.07876954], [20313.43, 0.1962], [20312.57, 0.24], [20312.42, 0.02385466], [20312.06, 1.0], [20310.99, 0.17232044]], "asks": [[20320.89, 0.24], [20323.52, 0.07876954], [20323.54, 0.24], [20323.64, 0.08610662], [20325.39, 1.603], [20325.64, 0.24], [20325.78, 0.19637], [20326.71, 0.17218724], [20326.95, 0.4], [20339.67, 1.0]], "ts": 1666772266390}
{"bids": [[20315.01, 0.07876954], [20315.0, 0.28], [20313.43, 0.1962], [20312.57, 0.24], [20312.42, 0.02385466], [20312.06, 1.0], [20310.99, 0.17232044]], "asks": [[20320.89, 0.24], [20323.52, 0.07876954], [20323.54, 0.24], [20323.64, 0.08610662], [20325.39, 1.603], [20325.64, 0.24], [20325.78, 0.19637], [20326.71, 0.17218724], [20326.95, 0.4], [20339.67, 1.0]], "ts": 1666772266390}
{"bids": [[20315.1, 0.24], [20315.01, 0.07876954], [20315.0, 0.28], [20313.43, 0.1962], [20312.57, 0.24], [20312.42, 0.02385466], [20312.06, 1.0], [20310.99, 0.17232044]], "asks": [[20320.89, 0.24], [20323.52, 0.07876954], [20323.54, 0.24], [20323.64, 0.08610662], [20325.39, 1.603], [20325.64, 0.24], [20325.78, 0.19637], [20326.71, 0.17218724], [20326.95, 0.4], [20339.67, 1.0]], "ts": 1666772266390}
{"bids": [[20315.1, 0.24], [20315.0, 0.28], [20313.43, 0.1962], [20312.57, 0.24], [20312.42, 0.02385466], [20312.06, 1.0], [20310.99, 0.17232044]], "asks": [[20320.89, 0.24], [20323.52, 0.07876954], [20323.54, 0.24], [20323.64, 0.08610662], [20325.39, 1.603], [20325.64, 0.24], [20325.78, 0.19637], [20326.71, 0.17218724], [20326.95, 0.4], [20339.67, 1.0]], "ts": 1666772266391}
{"bids": [[20315.11, 0.07876954], [20315.1, 0.24], [20315.0, 0.28], [20313.43, 0.1962], [20312.57, 0.24], [20312.42, 0.02385466], [20312.06, 1.0], [20310.99, 0.17232044]], "asks": [[20320.89, 0.24], [20323.52, 0.07876954], [20323.54, 0.24], [20323.64, 0.08610662], [20325.39, 1.603], [20325.64, 0.24], [20325.78, 0.19637], [20326.71, 0.17218724], [20326.95, 0.4], [20339.67, 1.0]], "ts": 1666772266391}
{"bids": [[20315.1, 0.24], [20315.0, 0.28], [20313.43, 0.1962], [20312.57, 0.24], [20312.42, 0.02385466], [20312.06, 1.0], [20310.99, 0.17232044]], "asks": [[20320.89, 0.24], [20323.52, 0.07876954], [20323.54, 0.24], [20323.64, 0.08610662], [20325.39, 1.603], [20325.64, 0.24], [20325.78, 0.19637], [20326.71, 0.17218724], [20326.95, 0.4], [20339.67, 1.0]], "ts": 1666772266391}
{"bids": [[20315.1, 0.24], [20315.0, 0.28], [20313.44, 0.07876954], [20313.43, 0.1962], [20312.57, 0.24], [20312.42, 0.02385466], [20312.06, 1.0], [20310.99, 0.17232044]], "asks": [[20320.89, 0.24], [20323.52, 0.07876954], [20323.54, 0.24], [20323.64, 0.08610662], [20325.39, 1.603], [20325.64, 0.24], [20325.78, 0.19637], [20326.71, 0.17218724], [20326.95, 0.4], [20339.67, 1.0]], "ts": 1666772266391}
{"bids": [[20315.1, 0.24], [20315.01, 0.07876954], [20315.0, 0.28], [20313.44, 0.07876954], [20313.43, 0.1962], [20312.57, 0.24], [20312.42, 0.02385466], [20312.06, 1.0], [20310.99, 0.17232044]], "asks": [[20320.89, 0.24], [20323.52, 0.07876954], [20323.54, 0.24], [20323.64, 0.08610662], [20325.39, 1.603], [20325.64, 0.24], [20325.78, 0.19637], [20326.71, 0.17218724], [20326.95, 0.4], [20339.67, 1.0]], "ts": 1666772266392}
{"bids": [[20315.1, 0.24], [20315.01, 0.07876954], [20315.0, 0.28], [20313.43, 0.1962], [20312.57, 0.24], [20312.42, 0.02385466], [20312.06, 1.0], [20310.99, 0.17232044]], "asks": [[20320.89, 0.24], [20323.52, 0.07876954], [20323.54, 0.24], [20323.64, 0.08610662], [20325.39, 1.603], [20325.64, 0.24], [20325.78, 0.19637], [20326.71, 0.17218724], [20326.95, 0.4], [20339.67, 1.0]], "ts": 1666772266392}
{"bids": [[20315.1, 0.24], [20315.0, 0.28], [20313.43, 0.1962], [20312.57, 0.24], [20312.42, 0.02385466], [20312.06, 1.0], [20310.99, 0.17232044]], "asks": [[20320.89, 0.24], [20323.52, 0.07876954], [20323.54, 0.24], [20323.64, 0.08610662], [20325.39, 1.603], [20325.64, 0.24], [20325.78, 0.19637], [20326.71, 0.17218724], [20326.95, 0.4], [20339.67, 1.0]], "ts": 1666772266392}
{"bids": [[20315.1, 0.24], [20315.0, 0.28], [20313.43, 0.1962], [20312.57, 0.24], [20312.42, 0.02385466], [20312.06, 1.0], [20310.99, 0.17232044]], "asks": [[20323.52, 0.07876954], [20323.54, 0.24], [20323.64, 0.08610662], [20325.39, 1.603], [20325.64, 0.24], [20325.78, 0.19637], [20326.71, 0.17218724], [20326.95, 0.4], [20339.67, 1.0]], "ts": 1666772266393}
{"bids": [[20315.1, 0.31876954], [20315.0, 0.28], [20313.43, 0.1962], [20312.57, 0.24], [20312.42, 0.02385466], [20312.06, 1.0], [20310.99, 0.17232044]], "asks": [[20323.52, 0.07876954], [20323.54, 0.24], [20323.64, 0.08610662], [20325.39, 1.603], [20325.64, 0.24], [20325.78, 0.19637], [20326.71, 0.17218724], [20326.95, 0.4], [20339.67, 1.0]], "ts": 1666772266393}
{"bids": [[20315.1, 0.31876954], [20315.0, 0.28], [20313.43, 0.1962], [20312.57, 0.24], [20312.42, 0.02385466], [20312.06, 1.0], [20310.99, 0.17232044]], "asks": [[20322.51, 0.24], [20323.52, 0.07876954], [20323.54, 0.24], [20323.64, 0.08610662], [20325.39, 1.603], [20325.64, 0.24], [20325.78, 0.19637], [20326.71, 0.17218724], [20326.95, 0.4], [20339.67, 1.0]], "ts": 1666772266393}
{"bids": [[20315.11, 0.07876954], [20315.1, 0.31876954], [20315.0, 0.28], [20313.43, 0.1962], [20312.57, 0.24], [20312.42, 0.02385466], [20312.06, 1.0], [20310.99, 0.17232044]], "asks": [[20322.51, 0.24], [20323.52, 0.07876954], [20323.54, 0.24], [20323.64, 0.08610662], [20325.39, 1.603], [20325.64, 0.24], [20325.78, 0.19637], [20326.71, 0.17218724], [20326.95, 0.4], [20339.67, 1.0]], "ts": 1666772266393}
{"bids": [[20315.11, 0.07876954], [20315.1, 0.24], [20315.0, 0.28], [20313.43, 0.1962], [20312.57, 0.24], [20312.42, 0.02385466], [20312.06, 1.0], [20310.99, 0.17232044]], "asks": [[20322.51, 0.24], [20323.52, 0.07876954], [20323.54, 0.24], [20323.64, 0.08610662], [20325.39, 1.603], [20325.64, 0.24], [20325.78, 0.19637], [20326.71, 0.17218724], [20326.95, 0.4], [20339.67, 1.0]], "ts": 1666772266394}
{"bids": [[20315.13, 0.24], [20315.11, 0.07876954], [20315.1, 0.24], [20315.0, 0.28], [20313.43, 0.1962], [20312.57, 0.24], [20312.42, 0.02385466], [20312.06, 1.0], [20310.99, 0.17232044]], "asks": [[20322.51, 0.24], [20323.52, 0.07876954], [20323.54, 0.24], [20323.64, 0.08610662], [20325.39, 1.603], [20325.64, 0.24], [20325.78, 0.19637], [20326.71, 0.17218724], [20326.95, 0.4], [20339.67, 1.0]], "ts": 1666772266394}
{"bids": [[20315.71, 0.24], [20315.13, 0.24], [20315.11, 0.07876954], [20315.1, 0.24], [20315.0, 0.28], [20313.43, 0.1962], [20312.57, 0.24], [20312.42, 0.02385466], [20312.06, 1.0], [20310.99, 0.17232044]], "asks": [[20322.51, 0.24], [20323.52, 0.07876954], [20323.54, 0.24], [20323.64, 0.08610662], [20325.39, 1.603], [20325.64, 0.24], [20325.78, 0.19637], [20326.71, 0.17218724], [20326.95, 0.4], [20339.67, 1.0]], "ts": 1666772266394}
{"bids": [[20315.71, 0.24], [20315.13, 0.24], [20315.11, 0.07876954], [20315.1, 0.24], [20315.0, 0.04], [20313.43, 0.1962], [20312.57, 0.24], [20312.42, 0.02385466], [20312.06, 1.0], [20310.99, 0.17232044]], "asks": [[20322.51, 0.24], [20323.52, 0.07876954], [20323.54, 0.24], [20323.64, 0.08610662], [20325.39, 1.603], [20325.64, 0.24], [20325.78, 0.19637], [20326.71, 0.17218724], [20326.95, 0.4], [20339.67, 1.0]], "ts": 1666772266395}
{"bids": [[20315.71, 0.24], [20315.14, 0.07876954], [20315.13, 0.24], [20315.11, 0.07876954], [20315.1, 0.24], [20315.0, 0.04], [20313.43, 0.1962], [20312.57, 0.24], [20312.42, 0.02385466], [20312.06, 1.0]], "asks": [[20322.51, 0.24], [20323.52, 0.07876954], [20323.54, 0.24], [20323.64, 0.08610662], [20325.39, 1.603], [20325.64, 0.24], [20325.78, 0.19637], [20326.71, 0.17218724], [20326.95, 0.4], [20339.67, 1.0]], "ts": 1666772266395}
{"bids": [[20315.71, 0.24], [20315.14, 0.07876954], [20315.13, 0.24], [20315.1, 0.24], [20315.0, 0.04], [20313.43, 0.1962], [20312.57, 0.24], [20312.42, 0.02385466], [20312.06, 1.0]], "asks": [[20322.51, 0.24], [20323.52, 0.07876954], [20323.54, 0.24], [20323.64, 0.08610662], [20325.39, 1.603], [20325.64, 0.24], [20325.78, 0.19637], [20326.71, 0.17218724], [20326.95, 0.4], [20339.67, 1.0]], "ts": 1666772266395}
{"bids": [[20315.71, 0.24], [20315.13, 0.24], [20315.1, 0.24], [20315.0, 0.04], [20313.43, 0.1962], [20312.57, 0.24], [20312.42, 0.02385466], [20312.06, 1.0]], "asks": [[20322.51, 0.24], [20323.52, 0.07876954], [20323.54, 0.24], [20323.64, 0.08610662], [20325.39, 1.603], [20325.64, 0.24], [20325.78, 0.19637], [20326.71, 0.17218724], [20326.95, 0.4], [20339.67, 1.0]], "ts": 1666772266395}
{"bids": [[20315.72, 0.07876954], [20315.71, 0.24], [20315.13, 0.24], [20315.1, 0.24], [20315.0, 0.04], [20313.43, 0.1962], [20312.57, 0.24], [20312.42, 0.02385466], [20312.06, 1.0]], "asks": [[20322.51, 0.24], [20323.52, 0.07876954], [20323.54, 0.24], [20323.64, 0.08610662], [20325.39, 1.603], [20325.64, 0.24], [20325.78, 0.19637], [20326.71, 0.17218724], [20326.95, 0.4], [20339.67, 1.0]], "ts": 1666772266396}
{"bids": [[20315.72, 0.07876954], [20315.71, 0.24], [20315.13, 0.24], [20315.1, 0.24], [20315.0, 0.04], [20313.43, 0.1962], [20312.57, 0.24], [20312.42, 0.02385466], [20312.06, 1.0]], "asks": [[20322.51, 0.24], [20323.52, 0.07876954], [20323.54, 0.24], [20323.64, 0.08610662], [20325.39, 1.603], [20325.64, 0.24], [20325.78, 0.19637], [20326.71, 0.17218724], [20339.67, 1.0]], "ts": 1666772266396}
{"bids": [[20315.72, 0.07876954], [20315.71, 0.24], [20315.13, 0.24], [20315.1, 0.24], [20315.0, 0.04], [20313.43, 0.1962], [20312.57, 0.24], [20312.42, 0.02385466], [20312.06, 1.0]], "asks": [[20322.51, 0.24], [20323.52, 0.07876954], [20323.54, 0.24], [20323.64, 0.08610662], [20325.39, 1.603], [20325.64, 0.24], [20325.78, 0.19637], [20326.71, 0.17218724]], "ts": 1666772266396}
{"bids": [[20315.72, 0.07876954], [20315.71, 0.24], [20315.13, 0.24], [20315.1, 0.24], [20315.0, 0.04], [20313.43, 0.1962], [20312.57, 0.24], [20312.42, 0.02385466]], "asks": [[20322.51, 0.24], [20323.52, 0.07876954], [20323.54, 0.24], [20323.64, 0.08610662], [20325.39, 1.603], [20325.64, 0.24], [20325.78, 0.19637], [20326.71, 0.17218724]], "ts": 1666772266396}
{"bids": [[20315.72, 0.07876954], [20315.71, 0.24], [20315.13, 0.24], [20315.1, 0.24], [20315.0, 0.04], [20313.43, 0.1962], [20312.57, 0.24], [20312.42, 0.02385466]], "asks": [[20322.51, 0.24], [20323.52, 0.07876954], [20323.54, 0.24], [20323.64, 0.08610662], [20325.39, 1.603], [20325.64, 0.24], [20325.78, 0.19637], [20326.71, 0.17218724], [20337.9, 1.0]], "ts": 1666772266397}
{"bids": [[20315.72, 0.07876954], [20315.71, 0.24], [20315.13, 0.24], [20315.1, 0.24], [20315.0, 0.04], [20313.43, 0.1962], [20313.31, 1.0], [20312.57, 0.24], [20312.42, 0.02385466]], "asks": [[20322.51, 0.24], [20323.52, 0.07876954], [20323.54, 0.24], [20323.64, 0.08610662], [20325.39, 1.603], [20325.64, 0.24], [20325.78, 0.19637], [20326.71, 0.17218724], [20337.9, 1.0]], "ts": 1666772266397}
{"bids": [[20315.72, 0.11876954], [20315.71, 0.24], [20315.13, 0.24], [20315.1, 0.24], [20315.0, 0.04], [20313.43, 0.1962], [20313.31, 1.0], [20312.57, 0.24], [20312.42, 0.02385466]], "asks": [[20322.51, 0.24], [20323.52, 0.07876954], [20323.54, 0.24], [20323.64, 0.08610662], [20325.39, 1.603], [20325.64, 0.24], [20325.78, 0.19637], [20326.71, 0.17218724], [20337.9, 1.0]], "ts": 1666772266397}
{"bids": [[20315.72, 0.11876954], [20315.71, 0.24], [20315.13, 0.24], [20315.1, 0.24], [20313.43, 0.1962], [20313.31, 1.0], [20312.57, 0.24], [20312.42, 0.02385466]], "asks": [[20322.51, 0.24], [20323.52, 0.07876954], [20323.54, 0.24], [20323.64, 0.08610662], [20325.39, 1.603], [20325.64, 0.24], [20325.78, 0.19637], [20326.71, 0.17218724], [20337.9, 1.0]], "ts": 1666772266397}
{"bids": [[20315.73, 0.07876954], [20315.72, 0.11876954], [20315.71, 0.24], [20315.13, 0.24], [20315.1, 0.24], [20313.43, 0.1962], [20313.31, 1.0], [20312.57, 0.24], [20312.42, 0.02385466]], "asks": [[20322.51, 0.24], [20323.52, 0.07876954], [20323.54, 0.24], [20323.64, 0.08610662], [20325.39, 1.603], [20325.64, 0.24], [20325.78, 0.19637], [20326.71, 0.17218724], [20337.9, 1.0]], "ts": 1666772266398}
{"bids": [[20315.73, 0.07876954], [20315.72, 0.04], [20315.71, 0.24], [20315.13, 0.24], [20315.1, 0.24], [20313.43, 0.1962], [20313.31, 1.0], [20312.57, 0.24], [20312.42, 0.02385466]], "asks": [[20322.51, 0.24], [20323.52, 0.07876954], [20323.54, 0.24], [20323.64, 0.08610662], [20325.39, 1.603], [20325.64, 0.24], [20325.78, 0.19637], [20326.71, 0.17218724], [20337.9, 1.0]], "ts": 1666772266398}
{"bids": [[20315.73, 0.07876954], [20315.72, 0.04], [20315.71, 0.24], [20315.1, 0.24], [20313.43, 0.1962], [20313.31, 1.0], [20312.57, 0.24], [20312.42, 0.02385466]], "asks": [[20322.51, 0.24], [20323.52, 0.07876954], [20323.54, 0.24], [20323.64, 0.08610662], [20325.39, 1.603], [20325.64, 0.24], [20325.78, 0.19637], [20326.71, 0.17218724], [20337.9, 1.0]], "ts": 1666772266398}
{"bids": [[20315.73, 0.07876954], [20315.72, 0.04], [20315.71, 0.24], [20313.43, 0.1962], [20313.31, 1.0], [20312.57, 0.24], [20312.42, 0.02385466]], "asks": [[20322.51, 0.24], [20323.52, 0.07876954], [20323.54, 0.24], [20323.64, 0.08610662], [20325.39, 1.603], [20325.64, 0.24], [20325.78, 0.19637], [20326.71, 0.17218724], [20337.9, 1.0]], "ts": 1666772266398}
{"bids": [[20315.73, 0.11876954], [20315.72, 0.04], [20315.71, 0.24], [20313.43, 0.1962], [20313.31, 1.0], [20312.57, 0.24], [20312.42, 0.02385466]], "asks": [[20322.51, 0.24], [20323.52, 0.07876954], [20323.54, 0.24], [20323.64, 0.08610662], [20325.39, 1.603], [20325.64, 0.24], [20325.78, 0.19637], [20326.71, 0.17218724], [20337.9, 1.0]], "ts": 1666772266399}
{"bids": [[20315.74, 0.07876954], [20315.73, 0.11876954], [20315.72, 0.04], [20315.71, 0.24], [20313.43, 0.1962], [20313.31, 1.0], [20312.57, 0.24], [20312.42, 0.02385466]], "asks": [[20322.51, 0.24], [20323.52, 0.07876954], [20323.54, 0.24], [20323.64, 0.08610662], [20325.39, 1.603], [20325.64, 0.24], [20325.78, 0.19637], [20326.71, 0.17218724], [20337.9, 1.0]], "ts": 1666772266399}
{"bids": [[20315.74, 0.07876954], [20315.73, 0.11876954], [20315.71, 0.24], [20313.43, 0.1962], [20313.31, 1.0], [20312.57, 0.24], [20312.42, 0.02385466]], "asks": [[20322.51, 0.24], [20323.52, 0.07876954], [20323.54, 0.24], [20323.64, 0.08610662], [20325.39, 1.603], [20325.64, 0.24], [20325.78, 0.19637], [20326.71, 0.17218724], [20337.9, 1.0]], "ts": 1666772266399}
{"bids": [[20315.74, 0.07876954], [20315.73, 0.04], [20315.71, 0.24], [20313.43, 0.1962], [20313.31, 1.0], [20312.57, 0.24], [20312.42, 0.02385466]], "asks": [[20322.51, 0.24], [20323.52, 0.07876954], [20323.54, 0.24], [20323.64, 0.08610662], [20325.39, 1.603], [20325.64, 0.24], [20325.78, 0.19637], [20326.71, 0.17218724], [20337.9, 1.0]], "ts": 1666772266399}
{"bids": [[20315.74, 0.07876954], [20315.73, 0.04], [20315.71, 0.24], [20313.43, 0.1962], [20313.31, 1.0], [20312.57, 0.24], [20312.42, 0.02385466]], "asks": [[20322.51, 0.24], [20323.52, 0.07876954], [20323.54, 0.24], [20323.64, 0.08610662], [20325.39, 1.603], [20325.64, 0.24], [20325.78, 0.19637], [20326.71, 0.17218724]], "ts": 1666772266400}
{"bids": [[20315.74, 0.07876954], [20315.73, 0.04], [20315.71, 0.24], [20313.43, 0.1962], [20313.31, 1.0], [20312.57, 0.24], [20312.42, 0.02385466]], "asks": [[20322.51, 0.24], [20323.52, 0.07876954], [20323.54, 0.24], [20323.64, 0.08610662], [20325.39, 1.603], [20325.64, 0.24], [20325.78, 0.19637], [20326.71, 0.17218724], [20337.65, 1.0]], "ts": 1666772266400}
{"bids": [[20315.74, 0.07876954], [20315.73, 0.04], [20315.71, 0.24], [20313.43, 0.1962], [20313.31, 1.0], [20312.57, 0.24], [20312.42, 0.02385466]], "asks": [[20322.51, 0.24], [20323.52, 0.07876954], [20323.54, 0.24], [20323.64, 0.08610662], [20325.39, 1.603], [20325.64, 0.24], [20325.78, 0.19637], [20326.71, 0.17218724]], "ts": 1666772266400}
{"bids": [[20315.74, 0.07876954], [20315.73, 0.04], [20315.71, 0.24], [20313.43, 0.1962], [20313.31, 1.0], [20312.57, 0.24], [20312.42, 0.02385466]], "asks": [[20322.51, 0.24], [20323.52, 0.07876954], [20323.54, 0.24], [20323.64, 0.08610662], [20325.39, 1.603], [20325.64, 0.24], [20325.78, 0.19637], [20326.71, 0.17218724], [20337.9, 1.0]], "ts": 1666772266401}
{"bids": [[20315.74, 0.07876954], [20315.73, 0.04], [20315.71, 0.24], [20313.43, 0.1962], [20313.31, 1.0], [20312.57, 0.24], [20312.42, 0.02385466]], "asks": [[20322.51, 0.24], [20323.52, 0.07876954], [20323.54, 0.24], [20323.64, 0.08610662], [20325.39, 1.603], [20325.64, 0.24], [20325.78, 0.19637], [20326.71, 0.17218724]], "ts": 1666772266401}
{"bids": [[20315.74, 0.07876954], [20315.73, 0.04], [20315.71, 0.24], [20313.43, 0.1962], [20313.31, 1.0], [20312.57, 0.24], [20312.42, 0.02385466]], "asks": [[20322.51, 0.24], [20323.52, 0.07876954], [20323.54, 0.24], [20323.64, 0.08610662], [20325.39, 1.603], [20325.64, 0.24], [20325.78, 0.19637], [20326.71, 0.17218724], [20338.38, 1.0]], "ts": 1666772266401}
{"bids": [[20315.74, 0.07876954], [20315.73, 0.04], [20315.71, 0.24], [20313.43, 0.1962], [20313.31, 1.0], [20312.57, 0.24], [20312.42, 0.02385466]], "asks": [[20322.51, 0.24], [20323.52, 0.07876954], [20323.54, 0.24], [20323.64, 0.08610662], [20325.39, 1.603], [20325.64, 0.24], [20325.78, 0.19637], [20326.71, 0.17218724]], "ts": 1666772266401}
{"bids": [[20315.74, 0.07876954], [20315.73, 0.04], [20315.71, 0.24], [20313.43, 0.1962], [20313.31, 1.0], [20312.57, 0.24], [20312.42, 0.02385466]], "asks": [[20322.51, 0.24], [20323.52, 0.07876954], [20323.54, 0.24], [20323.64, 0.08610662], [20325.39, 1.603], [20325.64, 0.24], [20325.78, 0.19637], [20326.71, 0.17218724], [20338.88, 1.0]], "ts": 1666772266402}
{"bids": [[20315.74, 0.11876954], [20315.73, 0.04], [20315.71, 0.24], [20313.43, 0.1962], [20313.31, 1.0], [20312.57, 0.24], [20312.42, 0.02385466]], "asks": [[20322.51, 0.24], [20323.52, 0.07876954], [20323.54, 0.24], [20323.64, 0.08610662], [20325.39, 1.603], [20325.64, 0.24], [20325.78, 0.19637], [20326.71, 0.17218724], [20338.88, 1.0]], "ts": 1666772266402}
{"bids": [[20315.74, 0.11876954], [20315.71, 0.24], [20313.43, 0.1962], [20313.31, 1.0], [20312.57, 0.24], [20312.42, 0.02385466]], "asks": [[20322.51, 0.24], [20323.52, 0.07876954], [20323.54, 0.24], [20323.64, 0.08610662], [20325.39, 1.603], [20325.64, 0.24], [20325.78, 0.19637], [20326.71, 0.17218724], [20338.88, 1.0]], "ts": 1666772266402}
{"bids": [[20315.75, 0.07876079], [20315.74, 0.11876954], [20315.71, 0.24], [20313.43, 0.1962], [20313.31, 1.0], [20312.57, 0.24], [20312.42, 0.02385466]], "asks": [[20322.51, 0.24], [20323.52, 0.07876954], [20323.54, 0.24], [20323.64, 0.08610662], [20325.39, 1.603], [20325.64, 0.24], [20325.78, 0.19637], [20326.71, 0.17218724], [20338.88, 1.0]], "ts": 1666772266402}
{"bids": [[20315.75, 0.07876079], [20315.74, 0.04], [20315.71, 0.24], [20313.43, 0.1962], [20313.31, 1.0], [20312.57, 0.24], [20312.42, 0.02385466]], "asks": [[20322.51, 0.24], [20323.52, 0.07876954], [20323.54, 0.24], [20323.64, 0.08610662], [20325.39, 1.603], [20325.64, 0.24], [20325.78, 0.19637], [20326.71, 0.17218724], [20338.88, 1.0]], "ts": 1666772266403}
{"bids": [[20315.75, 0.07876079], [20315.74, 0.04], [20315.71, 0.24], [20313.43, 0.1962], [20312.57, 0.24], [20312.42, 0.02385466]], "asks": [[20322.51, 0.24], [20323.52, 0.07876954], [20323.54, 0.24], [20323.64, 0.08610662], [20325.39, 1.603], [20325.64, 0.24], [20325.78, 0.19637], [20326.71, 0.17218724], [20338.88, 1.0]], "ts": 1666772266403}
{"bids": [[20315.74, 0.04], [20315.71, 0.24], [20313.43, 0.1962], [20312.57, 0.24], [20312.42, 0.02385466]], "asks": [[20322.51, 0.24], [20323.52, 0.07876954], [20323.54, 0.24], [20323.64, 0.08610662], [20325.39, 1.603], [20325.64, 0.24], [20325.78, 0.19637], [20326.71, 0.17218724], [20338.88, 1.0]], "ts": 1666772266403}
{"bids": [[20315.74, 0.04], [20315.71, 0.24], [20313.44, 0.07876079], [20313.43, 0.1962], [20312.57, 0.24], [20312.42, 0.02385466]], "asks": [[20322.51, 0.24], [20323.52, 0.07876954], [20323.54, 0.24], [20323.64, 0.08610662], [20325.39, 1.603], [20325.64, 0.24], [20325.78, 0.19637], [20326.71, 0.17218724], [20338.88, 1.0]], "ts": 1666772266404}
{"bids": [[20315.74, 0.04], [20315.71, 0.24], [20314.04, 1.0], [20313.44, 0.07876079], [20313.43, 0.1962], [20312.57, 0.24], [20312.42, 0.02385466]], "asks": [[20322.51, 0.24], [20323.52, 0.07876954], [20323.54, 0.24], [20323.64, 0.08610662], [20325.39, 1.603], [20325.64, 0.24], [20325.78, 0.19637], [20326.71, 0.17218724], [20338.88, 1.0]], "ts": 1666772266404}
{"bids": [[20315.74, 0.04], [20315.71, 0.24], [20314.04, 1.0], [20313.44, 0.07876079], [20313.43, 0.1962], [20312.57, 0.24], [20312.42, 0.02385466]], "asks": [[20322.5, 0.07876079], [20322.51, 0.24], [20323.52, 0.07876954], [20323.54, 0.24], [20323.64, 0.08610662], [20325.39, 1.603], [20325.64, 0.24], [20325.78, 0.19637], [20326.71, 0.17218724], [20338.88, 1.0]], "ts": 1666772266404}
{"bids": [[20315.74, 0.04], [20315.71, 0.24], [20314.04, 1.0], [20313.44, 0.07876079], [20313.43, 0.1962], [20312.57, 0.24], [20312.42, 0.02385466]], "asks": [[20322.5, 0.07876079], [20322.51, 0.24], [20323.54, 0.24], [20323.64, 0.08610662], [20325.39, 1.603], [20325.64, 0.24], [20325.78, 0.19637], [20326.71, 0.17218724], [20338.88, 1.0]], "ts": 1666772266405}
{"bids": [[20315.71, 0.24], [20314.04, 1.0], [20313.44, 0.07876079], [20313.43, 0.1962], [20312.57, 0.24], [20312.42, 0.02385466]], "asks": [[20322.5, 0.07876079], [20322.51, 0.24], [20323.54, 0.24], [20323.64, 0.08610662], [20325.39, 1.603], [20325.64, 0.24], [20325.78, 0.19637], [20326.71, 0.17218724], [20338.88, 1.0]], "ts": 1666772266405}
{"bids": [[20315.75, 0.07876079], [20315.71, 0.24], [20314.04, 1.0], [20313.44, 0.07876079], [20313.43, 0.1962], [20312.57, 0.24], [20312.42, 0.02385466]], "asks": [[20322.5, 0.07876079], [20322.51, 0.24], [20323.54, 0.24], [20323.64, 0.08610662], [20325.39, 1.603], [20325.64, 0.24], [20325.78, 0.19637], [20326.71, 0.17218724], [20338.88, 1.0]], "ts": 1666772266405}
{"bids": [[20315.75, 0.07876079], [20315.71, 0.24], [20314.04, 1.0], [20313.44, 0.07876079], [20313.43, 0.1962], [20312.57, 0.24], [20312.42, 0.02385466]], "asks": [[20321.81, 0.24], [20322.5, 0.07876079], [20322.51, 0.24], [20323.54, 0.24], [20323.64, 0.08610662], [20325.39, 1.603], [20325.64, 0.24], [20325.78, 0.19637], [20326.71, 0.17218724], [20338.88, 1.0]], "ts": 1666772266405}
{"bids": [[20315.75, 0.07876079], [20315.71, 0.24], [20314.04, 1.0], [20313.43, 0.1962], [20312.57, 0.24], [20312.42, 0.02385466]], "asks": [[20321.81, 0.24], [20322.5, 0.07876079], [20322.51, 0.24], [20323.54, 0.24], [20323.64, 0.08610662], [20325.39, 1.603], [20325.64, 0.24], [20325.78, 0.19637], [20326.71, 0.17218724], [20338.88, 1.0]], "ts": 1666772266406}
{"bids": [[20315.71, 0.24], [20314.04, 1.0], [20313.43, 0.1962], [20312.57, 0.24], [20312.42, 0.02385466]], "asks": [[20321.81, 0.24], [20322.5, 0.07876079], [20322.51, 0.24], [20323.54, 0.24], [20323.64, 0.08610662], [20325.39, 1.603], [20325.64, 0.24], [20325.78, 0.19637], [20326.71, 0.17218724], [20338.88, 1.0]], "ts": 1666772266406}
{"bids": [[20314.04, 1.0], [20313.43, 0.1962], [20312.57, 0.24], [20312.42, 0.02385466]], "asks": [[20321.81, 0.24], [20322.5, 0.07876079], [20322.51, 0.24], [20323.54, 0.24], [20323.64, 0.08610662], [20325.39, 1.603], [20325.64, 0.24], [20325.78, 0.19637], [20326.71, 0.17218724], [20338.88, 1.0]], "ts": 1666772266406}
{"bids": [[20314.05, 0.07876079], [20314.04, 1.0], [20313.43, 0.1962], [20312.57, 0.24], [20312.42, 0.02385466]], "asks": [[20321.81, 0.24], [20322.5, 0.07876079], [20322.51, 0.24], [20323.54, 0.24], [20323.64, 0.08610662], [20325.39, 1.603], [20325.64, 0.24], [20325.78, 0.19637], [20326.71, 0.17218724], [20338.88, 1.0]], "ts": 1666772266407}
{"bids": [[20314.05, 0.07876079], [20314.04, 1.0], [20313.43, 0.1962], [20312.57, 0.24], [20312.42, 0.02385466]], "asks": [[20321.8, 0.07876079], [20321.81, 0.24], [20322.5, 0.07876079], [20322.51, 0.24], [20323.54, 0.24], [20323.64, 0.08610662], [20325.39, 1.603], [20325.64, 0.24], [20325.78, 0.19637], [20326.71, 0.17218724]], "ts": 1666772266407}
{"bids": [[20314.05, 0.07876079], [20314.04, 1.0], [20313.43, 0.1962], [20312.57, 0.24], [20312.42, 0.02385466]], "asks": [[20321.8, 0.07876079], [20321.81, 0.24], [20322.51, 0.24], [20323.54, 0.24], [20323.64, 0.08610662], [20325.39, 1.603], [20325.64, 0.24], [20325.78, 0.19637], [20326.71, 0.17218724]], "ts": 1666772266407}
{"bids": [[20314.05, 0.07876079], [20314.04, 1.0], [20313.43, 0.1962], [20312.57, 0.24], [20312.42, 0.02385466]], "asks": [[20321.13, 0.24], [20321.8, 0.07876079], [20321.81, 0.24], [20322.51, 0.24], [20323.54, 0.24], [20323.64, 0.08610662], [20325.39, 1.603], [20325.64, 0.24], [20325.78, 0.19637], [20326.71, 0.17218724]], "ts": 1666772266407}
{"bids": [[20314.05, 0.07876079], [20314.04, 1.0], [20313.43, 0.1962], [20312.57, 0.24], [20312.42, 0.02385466]], "asks": [[20321.13, 0.24], [20321.8, 0.07876079], [20321.81, 0.24], [20323.54, 0.24], [20323.64, 0.08610662], [20325.39, 1.603], [20325.64, 0.24], [20325.78, 0.19637], [20326.71, 0.17218724]], "ts": 1666772266408}
{"bids": [[20314.56, 0.24], [20314.05, 0.07876079], [20314.04, 1.0], [20313.43, 0.1962], [20312.57, 0.24], [20312.42, 0.02385466]], "asks": [[20321.13, 0.24], [20321.8, 0.07876079], [20321.81, 0.24], [20323.54, 0.24], [20323.64, 0.08610662], [20325.39, 1.603], [20325.64, 0.24], [20325.78, 0.19637], [20326.71, 0.17218724]], "ts": 1666772266408}
{"bids": [[20314.57, 0.07876079], [20314.56, 0.24], [20314.05, 0.07876079], [20314.04, 1.0], [20313.43, 0.1962], [20312.57, 0.24], [20312.42, 0.02385466]], "asks": [[20321.13, 0.24], [20321.8, 0.07876079], [20321.81, 0.24], [20323.54, 0.24], [20323.64, 0.08610662], [20325.39, 1.603], [20325.64, 0.24], [20325.78, 0.19637], [20326.71, 0.17218724]], "ts": 1666772266408}
{"bids": [[20314.57, 0.07876079], [20314.56, 0.24], [20314.04, 1.0], [20313.43, 0.1962], [20312.57, 0.24], [20312.42, 0.02385466]], "asks": [[20321.13, 0.24], [20321.8, 0.07876079], [20321.81, 0.24], [20323.54, 0.24], [20323.64, 0.08610662], [20325.39, 1.603], [20325.64, 0.24], [20325.78, 0.19637], [20326.71, 0.17218724]], "ts": 1666772266408}
{"bids": [[20314.78, 0.24], [20314.57, 0.07876079], [20314.56, 0.24], [20314.04, 1.0], [20313.43, 0.1962], [20312.57, 0.24], [20312.42, 0.02385466]], "asks": [[20321.13, 0.24], [20321.8, 0.07876079], [20321.81, 0.24], [20323.54, 0.24], [20323.64, 0.08610662], [20325.39, 1.603], [20325.64, 0.24], [20325.78, 0.19637], [20326.71, 0.17218724]], "ts": 1666772266409}
{"bids": [[20314.79, 0.07876079], [20314.78, 0.24], [20314.57, 0.07876079], [20314.56, 0.24], [20314.04, 1.0], [20313.43, 0.1962], [20312.57, 0.24], [20312.42, 0.02385466]], "asks": [[20321.13, 0.24], [20321.8, 0.07876079], [20321.81, 0.24], [20323.54, 0.24], [20323.64, 0.08610662], [20325.39, 1.603], [20325.64, 0.24], [20325.78, 0.19637], [20326.71, 0.17218724]], "ts": 1666772266409}
{"bids": [[20314.79, 0.07876079], [20314.78, 0.24], [20314.56, 0.24], [20314.04, 1.0], [20313.43, 0.1962], [20312.57, 0.24], [20312.42, 0.02385466]], "asks": [[20321.13, 0.24], [20321.8, 0.07876079], [20321.81, 0.24], [20323.54, 0.24], [20323.64, 0.08610662], [20325.39, 1.603], [20325.64, 0.24], [20325.78, 0.19637], [20326.71, 0.17218724]], "ts": 1666772266409}
{"bids": [[20314.88, 0.24], [20314.79, 0.07876079], [20314.78, 0.24], [20314.56, 0.24], [20314.04, 1.0], [20313.43, 0.1962], [20312.57, 0.24], [20312.42, 0.02385466]], "asks": [[20321.13, 0.24], [20321.8, 0.07876079], [20321.81, 0.24], [20323.54, 0.24], [20323.64, 0.08610662], [20325.39, 1.603], [20325.64, 0.24], [20325.78, 0.19637], [20326.71, 0.17218724]], "ts": 1666772266409}
{"bids": [[20314.88, 0.24], [20314.79, 0.07876079], [20314.78, 0.24], [20314.04, 1.0], [20313.43, 0.1962], [20312.57, 0.24], [20312.42, 0.02385466]], "asks": [[20321.13, 0.24], [20321.8, 0.07876079], [20321.81, 0.24], [20323.54, 0.24], [20323.64, 0.08610662], [20325.39, 1.603], [20325.64, 0.24], [20325.78, 0.19637], [20326.71, 0.17218724]], "ts": 1666772266410}
{"bids": [[20314.89, 0.07876079], [20314.88, 0.24], [20314.79, 0.07876079], [20314.78, 0.24], [20314.04, 1.0], [20313.43, 0.1962], [20312.57, 0.24], [20312.42, 0.02385466]], "asks": [[20321.13, 0.24], [20321.8, 0.07876079], [20321.81, 0.24], [20323.54, 0.24], [20323.64, 0.08610662], [20325.39, 1.603], [20325.64, 0.24], [20325.78, 0.19637], [20326.71, 0.17218724]], "ts": 1666772266410}
{"bids": [[20314.89, 0.07876079], [20314.88, 0.24], [20314.78, 0.24], [20314.04, 1.0], [20313.43, 0.1962], [20312.57, 0.24], [20312.42, 0.02385466]], "asks": [[20321.13, 0.24], [20321.8, 0.07876079], [20321.81, 0.24], [20323.54, 0.24], [20323.64, 0.08610662], [20325.39, 1.603], [20325.64, 0.24], [20325.78, 0.19637], [20326.71, 0.17218724]], "ts": 1666772266410}
{"bids": [[20314.91, 0.24], [20314.89, 0.07876079], [20314.88, 0.24], [20314.78, 0.24], [20314.04, 1.0], [20313.43, 0.1962], [20312.57, 0.24], [20312.42, 0.02385466]], "asks": [[20321.13, 0.24], [20321.8, 0.07876079], [20321.81, 0.24], [20323.54, 0.24], [20323.64, 0.08610662], [20325.39, 1.603], [20325.64, 0.24], [20325.78, 0.19637], [20326.71, 0.17218724]], "ts": 1666772266410}
{"bids": [[20314.91, 0.24], [20314.89, 0.07876079], [20314.88, 0.24], [20314.78, 0.24], [20314.04, 1.0], [20313.43, 0.1962], [20312.57, 0.24], [20312.42, 0.02385466]], "asks": [[20321.13, 0.24], [20321.81, 0.24], [20323.54, 0.24], [20323.64, 0.08610662], [20325.39, 1.603], [20325.64, 0.24], [20325.78, 0.19637], [20326.71, 0.17218724]], "ts": 1666772266411}
{"bids": [[20314.91, 0.24], [20314.89, 0.07876079], [20314.88, 0.24], [20314.04, 1.0], [20313.43, 0.1962], [20312.57, 0.24], [20312.42, 0.02385466]], "asks": [[20321.13, 0.24], [20321.81, 0.24], [20323.54, 0.24], [20323.64, 0.08610662], [20325.39, 1.603], [20325.64, 0.24], [20325.78, 0.19637], [20326.71, 0.17218724]], "ts": 1666772266411}
{"bids": [[20314.91, 0.24], [20314.89, 0.07876079], [20314.88, 0.24], [20314.04, 1.0], [20313.43, 0.1962], [20312.57, 0.24], [20312.42, 0.02385466]], "asks": [[20321.13, 0.24], [20321.81, 0.24], [20323.53, 0.07876079], [20323.54, 0.24], [20323.64, 0.08610662], [20325.39, 1.603], [20325.64, 0.24], [20325.78, 0.19637], [20326.71, 0.17218724]], "ts": 1666772266411}
{"bids": [[20314.91, 0.24], [20314.89, 0.07876079], [20314.88, 0.24], [20314.04, 1.0], [20313.43, 0.1962], [20312.57, 0.24], [20312.42, 0.02385466]], "asks": [[20321.13, 0.24], [20321.81, 0.24], [20323.54, 0.24], [20323.64, 0.08610662], [20325.39, 1.603], [20325.64, 0.24], [20325.78, 0.19637], [20326.71, 0.17218724]], "ts": 1666772266412}
{"bids": [[20314.91, 0.24], [20314.89, 0.07876079], [20314.88, 0.24], [20314.04, 1.0], [20313.43, 0.1962], [20312.57, 0.24], [20312.42, 0.02385466]], "asks": [[20321.13, 0.24], [20323.54, 0.24], [20323.64, 0.08610662], [20325.39, 1.603], [20325.64, 0.24], [20325.78, 0.19637], [20326.71, 0.17218724]], "ts": 1666772266412}
{"bids": [[20314.91, 0.24], [20314.89, 0.07876079], [20314.88, 0.24], [20314.04, 1.0], [20313.43, 0.1962], [20312.57, 0.24], [20312.42, 0.02385466]], "asks": [[20321.13, 0.24], [20321.79, 0.07876079], [20323.54, 0.24], [20323.64, 0.08610662], [20325.39, 1.603], [20325.64, 0.24], [20325.78, 0.19637], [20326.71, 0.17218724]], "ts": 1666772266412}
{"bids": [[20314.92, 0.07876079], [20314.91, 0.24], [20314.89, 0.07876079], [20314.88, 0.24], [20314.04, 1.0], [20313.43, 0.1962], [20312.57, 0.24], [20312.42, 0.02385466]], "asks": [[20321.13, 0.24], [20321.79, 0.07876079], [20323.54, 0.24], [20323.64, 0.08610662], [20325.39, 1.603], [20325.64, 0.24], [20325.78, 0.19637], [20326.71, 0.17218724]], "ts": 1666772266412}
{"bids": [[20314.92, 0.07876079], [20314.91, 0.24], [20314.88, 0.24], [20314.04, 1.0], [20313.43, 0.1962], [20312.57, 0.24], [20312.42, 0.02385466]], "asks": [[20321.13, 0.24], [20321.79, 0.07876079], [20323.54, 0.24], [20323.64, 0.08610662], [20325.39, 1.603], [20325.64, 0.24], [20325.78, 0.19637], [20326.71, 0.17218724]], "ts": 1666772266413}
{"bids": [[20314.92, 0.07876079], [20314.91, 0.24], [20314.88, 0.24], [20314.04, 1.0], [20313.43, 0.1962], [20312.57, 0.24], [20312.42, 0.02385466]], "asks": [[20321.13, 0.24], [20323.54, 0.24], [20323.64, 0.08610662], [20325.39, 1.603], [20325.64, 0.24], [20325.78, 0.19637], [20326.71, 0.17218724]], "ts": 1666772266413}
{"bids": [[20314.92, 0.07876079], [20314.91, 0.24], [20314.04, 1.0], [20313.43, 0.1962], [20312.57, 0.24], [20312.42, 0.02385466]], "asks": [[20321.13, 0.24], [20323.54, 0.24], [20323.64, 0.08610662], [20325.39, 1.603], [20325.64, 0.24], [20325.78, 0.19637], [20326.71, 0.17218724]], "ts": 1666772266413}
{"bids": [[20314.92, 0.07876079], [20314.91, 0.24], [20314.04, 1.0], [20313.43, 0.1962], [20312.57, 0.24], [20312.42, 0.02385466]], "asks": [[20321.13, 0.24], [20323.53, 0.07876079], [20323.54, 0.24], [20323.64, 0.08610662], [20325.39, 1.603], [20325.64, 0.24], [20325.78, 0.19637], [20326.71, 0.17218724]], "ts": 1666772266413}
{"bids": [[20314.93, 0.24], [20314.92, 0.07876079], [20314.91, 0.24], [20314.04, 1.0], [20313.43, 0.1962], [20312.57, 0.24], [20312.42, 0.02385466]], "asks": [[20321.13, 0.24], [20323.53, 0.07876079], [20323.54, 0.24], [20323.64, 0.08610662], [20325.39, 1.603], [20325.64, 0.24], [20325.78, 0.19637], [20326.71, 0.17218724]], "ts": 1666772266414}
{"bids": [[20314.94, 0.07876079], [20314.93, 0.24], [20314.92, 0.07876079], [20314.91, 0.24], [20314.04, 1.0], [20313.43, 0.1962], [20312.57, 0.24], [20312.42, 0.02385466]], "asks": [[20321.13, 0.24], [20323.53, 0.07876079], [20323.54, 0.24], [20323.64, 0.08610662], [20325.39, 1.603], [20325.64, 0.24], [20325.78, 0.19637], [20326.71, 0.17218724]], "ts": 1666772266414}
{"bids": [[20314.94, 0.07876079], [20314.93, 0.24], [20314.91, 0.24], [20314.04, 1.0], [20313.43, 0.1962], [20312.57, 0.24], [20312.42, 0.02385466]], "asks": [[20321.13, 0.24], [20323.53, 0.07876079], [20323.54, 0.24], [20323.64, 0.08610662], [20325.39, 1.603], [20325.64, 0.24], [20325.78, 0.19637], [20326.71, 0.17218724]], "ts": 1666772266414}
{"bids": [[20314.97, 0.24], [20314.94, 0.07876079], [20314.93, 0.24], [20314.91, 0.24], [20314.04, 1.0], [20313.43, 0.1962], [20312.57, 0.24], [20312.42, 0.02385466]], "asks": [[20321.13, 0.24], [20323.53, 0.07876079], [20323.54, 0.24], [20323.64, 0.08610662], [20325.39, 1.603], [20325.64, 0.24], [20325.78, 0.19637], [20326.71, 0.17218724]], "ts": 1666772266414}
{"bids": [[20314.97, 0.24], [20314.94, 0.07876079], [20314.93, 0.24], [20314.04, 1.0], [20313.43, 0.1962], [20312.57, 0.24], [20312.42, 0.02385466]], "asks": [[20321.13, 0.24], [20323.53, 0.07876079], [20323.54, 0.24], [20323.64, 0.08610662], [20325.39, 1.603], [20325.64, 0.24], [20325.78, 0.19637], [20326.71, 0.17218724]], "ts": 1666772266415}
{"bids": [[20314.98, 0.07876079], [20314.97, 0.24], [20314.94, 0.07876079], [20314.93, 0.24], [20314.04, 1.0], [20313.43, 0.1962], [20312.57, 0.24], [20312.42, 0.02385466]], "asks": [[20321.13, 0.24], [20323.53, 0.07876079], [20323.54, 0.24], [20323.64, 0.08610662], [20325.39, 1.603], [20325.64, 0.24], [20325.78, 0.19637], [20326.71, 0.17218724]], "ts": 1666772266415}
{"bids": [[20314.98, 0.07876079], [20314.97, 0.24], [20314.93, 0.24], [20314.04, 1.0], [20313.43, 0.1962], [20312.57, 0.24], [20312.42, 0.02385466]], "asks": [[20321.13, 0.24], [20323.53, 0.07876079], [20323.54, 0.24], [20323.64, 0.08610662], [20325.39, 1.603], [20325.64, 0.24], [20325.78, 0.19637], [20326.71, 0.17218724]], "ts": 1666772266415}
{"bids": [[20314.98, 0.31876079], [20314.97, 0.24], [20314.93, 0.24], [20314.04, 1.0], [20313.43, 0.1962], [20312.57, 0.24], [20312.42, 0.02385466]], "asks": [[20321.13, 0.24], [20323.53, 0.07876079], [20323.54, 0.24], [20323.64, 0.08610662], [20325.39, 1.603], [20325.64, 0.24], [20325.78, 0.19637], [20326.71, 0.17218724]], "ts": 1666772266416}
{"bids": [[20314.98, 0.31876079], [20314.97, 0.24], [20314.04, 1.0], [20313.43, 0.1962], [20312.57, 0.24], [20312.42, 0.02385466]], "asks": [[20321.13, 0.24], [20323.53, 0.07876079], [20323.54, 0.24], [20323.64, 0.08610662], [20325.39, 1.603], [20325.64, 0.24], [20325.78, 0.19637], [20326.71, 0.17218724]], "ts": 1666772266416}
{"bids": [[20314.98, 0.31876079], [20314.04, 1.0], [20313.43, 0.1962], [20312.57, 0.24], [20312.42, 0.02385466]], "asks": [[20321.13, 0.24], [20323.53, 0.07876079], [20323.54, 0.24], [20323.64, 0.08610662], [20325.39, 1.603], [20325.64, 0.24], [20325.78, 0.19637], [20326.71, 0.17218724]], "ts": 1666772266416}
{"bids": [[20314.99, 0.07876079], [20314.98, 0.31876079], [20314.04, 1.0], [20313.43, 0.1962], [20312.57, 0.24], [20312.42, 0.02385466]], "asks": [[20321.13, 0.24], [20323.53, 0.07876079], [20323.54, 0.24], [20323.64, 0.08610662], [20325.39, 1.603], [20325.64, 0.24], [20325.78, 0.19637], [20326.71, 0.17218724]], "ts": 1666772266416}
{"bids": [[20314.99, 0.07876079], [20314.98, 0.24], [20314.04, 1.0], [20313.43, 0.1962], [20312.57, 0.24], [20312.42, 0.02385466]], "asks": [[20321.13, 0.24], [20323.53, 0.07876079], [20323.54, 0.24], [20323.64, 0.08610662], [20325.39, 1.603], [20325.64, 0.24], [20325.78, 0.19637], [20326.71, 0.17218724]], "ts": 1666772266417}
{"bids": [[20314.99, 0.07876079], [20314.98, 0.24], [20314.04, 1.0], [20313.43, 0.1962], [20312.57, 0.24], [20312.42, 0.02385466]], "asks": [[20321.13, 0.24], [20323.53, 0.07876079], [20323.54, 0.24], [20323.64, 0.08610662], [20325.39, 1.603], [20325.64, 0.24], [20325.78, 0.19637], [20326.71, 0.17218724]], "ts": 1666772266417}
{"bids": [[20314.99, 0.07876079], [20314.98, 0.24], [20314.04, 1.0], [20313.43, 0.1962], [20312.57, 0.24], [20312.42, 0.02385466]], "asks": [[20321.13, 0.48], [20323.53, 0.07876079], [20323.54, 0.24], [20323.64, 0.08610662], [20325.39, 1.603], [20325.64, 0.24], [20325.78, 0.19637], [20326.71, 0.17218724]], "ts": 1666772266417}
{"bids": [[20314.99, 0.07876079], [20314.04, 1.0], [20313.43, 0.1962], [20312.57, 0.24], [20312.42, 0.02385466]], "asks": [[20321.13, 0.48], [20323.53, 0.07876079], [20323.54, 0.24], [20323.64, 0.08610662], [20325.39, 1.603], [20325.64, 0.24], [20325.78, 0.19637], [20326.71, 0.17218724]], "ts": 1666772266417}
{"bids": [[20314.99, 0.07876079], [20314.04, 1.0], [20313.43, 0.1962], [20312.57, 0.24], [20312.42, 0.02385466]], "asks": [[20321.12, 0.07876079], [20321.13, 0.48], [20323.53, 0.07876079], [20323.54, 0.24], [20323.64, 0.08610662], [20325.39, 1.603], [20325.64, 0.24], [20325.78, 0.19637], [20326.71, 0.17218724]], "ts": 1666772266418}
{"bids": [[20314.99, 0.07876079], [20314.04, 1.0], [20313.43, 0.1962], [20312.57, 0.24], [20312.42, 0.02385466]], "asks": [[20321.12, 0.07876079], [20321.13, 0.48], [20323.54, 0.24], [20323.64, 0.08610662], [20325.39, 1.603], [20325.64, 0.24], [20325.78, 0.19637], [20326.71, 0.17218724]], "ts": 1666772266418}
{"bids": [[20314.99, 0.07876079], [20314.04, 1.0], [20313.43, 0.1962], [20312.57, 0.24], [20312.42, 0.02385466]], "asks": [[20320.48, 0.24], [20321.12, 0.07876079], [20321.13, 0.48], [20323.54, 0.24], [20323.64, 0.08610662], [20325.39, 1.603], [20325.64, 0.24], [20325.78, 0.19637], [20326.71, 0.17218724]], "ts": 1666772266418}
{"bids": [[20314.99, 0.07876079], [20314.04, 1.0], [20313.43, 0.1962], [20312.57, 0.24], [20312.42, 0.02385466]], "asks": [[20320.48, 0.24], [20321.13, 0.48], [20323.54, 0.24], [20323.64, 0.08610662], [20325.39, 1.603], [20325.64, 0.24], [20325.78, 0.19637], [20326.71, 0.17218724]], "ts": 1666772266419}
{"bids": [[20314.99, 0.07876079], [20314.04, 1.0], [20313.43, 0.1962], [20312.57, 0.24], [20312.42, 0.02385466]], "asks": [[20320.48, 0.24], [20321.13, 0.48], [20323.53, 0.07876079], [20323.54, 0.24], [20323.64, 0.08610662], [20325.39, 1.603], [20325.64, 0.24], [20325.78, 0.19637], [20326.71, 0.17218724]], "ts": 1666772266419}
{"bids": [[20314.99, 0.07876079], [20314.04, 1.0], [20313.43, 0.1962], [20312.57, 0.24], [20312.42, 0.02385466]], "asks": [[20320.48, 0.24], [20321.13, 0.48], [20323.54, 0.24], [20323.64, 0.08610662], [20325.39, 1.603], [20325.64, 0.24], [20325.78, 0.19637], [20326.71, 0.17218724]], "ts": 1666772266419}
{"bids": [[20314.04, 1.0], [20313.43, 0.1962], [20312.57, 0.24], [20312.42, 0.02385466]], "asks": [[20320.48, 0.24], [20321.13, 0.48], [20323.54, 0.24], [20323.64, 0.08610662], [20325.39, 1.603], [20325.64, 0.24], [20325.78, 0.19637], [20326.71, 0.17218724]], "ts": 1666772266419}
{"bids": [[20314.04, 1.0], [20313.44, 0.07876079], [20313.43, 0.1962], [20312.57, 0.24], [20312.42, 0.02385466]], "asks": [[20320.48, 0.24], [20321.13, 0.48], [20323.54, 0.24], [20323.64, 0.08610662], [20325.39, 1.603], [20325.64, 0.24], [20325.78, 0.19637], [20326.71, 0.17218724]], "ts": 1666772266420}
{"bids": [[20314.04, 1.0], [20313.44, 0.07876079], [20313.43, 0.1962], [20312.57, 0.24], [20312.42, 0.02385466]], "asks": [[20320.48, 0.24], [20321.12, 0.07876079], [20321.13, 0.48], [20323.54, 0.24], [20323.64, 0.08610662], [20325.39, 1.603], [20325.64, 0.24], [20325.78, 0.19637], [20326.71, 0.17218724]], "ts": 1666772266420}
{"bids": [[20314.04, 1.0], [20313.43, 0.1962], [20312.57, 0.24], [20312.42, 0.02385466]], "asks": [[20320.48, 0.24], [20321.12, 0.07876079], [20321.13, 0.48], [20323.54, 0.24], [20323.64, 0.08610662], [20325.39, 1.603], [20325.64, 0.24], [20325.78, 0.19637], [20326.71, 0.17218724]], "ts": 1666772266420}
{"bids": [[20314.04, 1.0], [20313.44, 0.07876079], [20313.43, 0.1962], [20312.57, 0.24], [20312.42, 0.02385466]], "asks": [[20320.48, 0.24], [20321.12, 0.07876079], [20321.13, 0.48], [20323.54, 0.24], [20323.64, 0.08610662], [20325.39, 1.603], [20325.64, 0.24], [20325.78, 0.19637], [20326.71, 0.17218724]], "ts": 1666772266421}
{"bids": [[20314.04, 1.0], [20313.43, 0.1962], [20312.57, 0.24], [20312.42, 0.02385466]], "asks": [[20320.48, 0.24], [20321.12, 0.07876079], [20321.13, 0.48], [20323.54, 0.24], [20323.64, 0.08610662], [20325.39, 1.603], [20325.64, 0.24], [20325.78, 0.19637], [20326.71, 0.17218724]], "ts": 1666772266421}
{"bids": [[20314.04, 1.0], [20313.44, 0.07876079], [20313.43, 0.1962], [20312.57, 0.24], [20312.42, 0.02385466]], "asks": [[20320.48, 0.24], [20321.12, 0.07876079], [20321.13, 0.48], [20323.54, 0.24], [20323.64, 0.08610662], [20325.39, 1.603], [20325.64, 0.24], [20325.78, 0.19637], [20326.71, 0.17218724]], "ts": 1666772266421}
{"bids": [[20314.04, 1.0], [20313.44, 0.07876079], [20313.43, 0.1962], [20312.57, 0.24], [20312.42, 0.02385466]], "asks": [[20320.47, 0.07876079], [20320.48, 0.24], [20321.12, 0.07876079], [20321.13, 0.48], [20323.54, 0.24], [20323.64, 0.08610662], [20325.39, 1.603], [20325.64, 0.24], [20325.78, 0.19637], [20326.71, 0.17218724]], "ts": 1666772266421}
{"bids": [[20314.04, 1.0], [20313.44, 0.07876079], [20313.43, 0.1962], [20312.57, 0.24], [20312.42, 0.02385466]], "asks": [[20320.47, 0.07876079], [20320.48, 0.24], [20321.13, 0.48], [20323.54, 0.24], [20323.64, 0.08610662], [20325.39, 1.603], [20325.64, 0.24], [20325.78, 0.19637], [20326.71, 0.17218724]], "ts": 1666772266422}
{"bids": [[20314.04, 1.0], [20313.43, 0.1962], [20312.57, 0.24], [20312.42, 0.02385466]], "asks": [[20320.47, 0.07876079], [20320.48, 0.24], [20321.13, 0.48], [20323.54, 0.24], [20323.64, 0.08610662], [20325.39, 1.603], [20325.64, 0.24], [20325.78, 0.19637], [20326.71, 0.17218724]], "ts": 1666772266422}
{"bids": [[20314.04, 1.0], [20313.43, 0.1962], [20312.57, 0.24], [20312.42, 0.02385466]], "asks": [[20320.32, 0.24], [20320.47, 0.07876079], [20320.48, 0.24], [20321.13, 0.48], [20323.54, 0.24], [20323.64, 0.08610662], [20325.39, 1.603], [20325.64, 0.24], [20325.78, 0.19637], [20326.71, 0.17218724]], "ts": 1666772266422}
{"bids": [[20314.04, 1.0], [20313.43, 0.1962], [20312.57, 0.24], [20312.42, 0.02385466]], "asks": [[20320.32, 0.24], [20320.47, 0.07876079], [20320.48, 0.24], [20321.13, 0.24], [20323.54, 0.24], [20323.64, 0.08610662], [20325.39, 1.603], [20325.64, 0.24], [20325.78, 0.19637], [20326.71, 0.17218724]], "ts": 1666772266422}
{"bids": [[20314.04, 1.0], [20313.44, 0.07876079], [20313.43, 0.1962], [20312.57, 0.24], [20312.42, 0.02385466]], "asks": [[20320.32, 0.24], [20320.47, 0.07876079], [20320.48, 0.24], [20321.13, 0.24], [20323.54, 0.24], [20323.64, 0.08610662], [20325.39, 1.603], [20325.64, 0.24], [20325.78, 0.19637], [20326.71, 0.17218724]], "ts": 1666772266423}
{"bids": [[20314.04, 1.0], [20313.43, 0.1962], [20312.57, 0.24], [20312.42, 0.02385466]], "asks": [[20320.32, 0.24], [20320.47, 0.07876079], [20320.48, 0.24], [20321.13, 0.24], [20323.54, 0.24], [20323.64, 0.08610662], [20325.39, 1.603], [20325.64, 0.24], [20325.78, 0.19637], [20326.71, 0.17218724]], "ts": 1666772266423}
{"bids": [[20314.04, 1.0], [20313.44, 0.07876079], [20313.43, 0.1962], [20312.57, 0.24], [20312.42, 0.02385466]], "asks": [[20320.32, 0.24], [20320.47, 0.07876079], [20320.48, 0.24], [20321.13, 0.24], [20323.54, 0.24], [20323.64, 0.08610662], [20325.39, 1.603], [20325.64, 0.24], [20325.78, 0.19637], [20326.71, 0.17218724]], "ts": 1666772266423}
{"bids": [[20313.44, 0.07876079], [20313.43, 0.1962], [20312.57, 0.24], [20312.42, 0.02385466]], "asks": [[20320.32, 0.24], [20320.47, 0.07876079], [20320.48, 0.24], [20321.13, 0.24], [20323.54, 0.24], [20323.64, 0.08610662], [20325.39, 1.603], [20325.64, 0.24], [20325.78, 0.19637], [20326.71, 0.17218724]], "ts": 1666772266423}
{"bids": [[20313.87, 0.24], [20313.44, 0.07876079], [20313.43, 0.1962], [20312.57, 0.24], [20312.42, 0.02385466]], "asks": [[20320.32, 0.24], [20320.47, 0.07876079], [20320.48, 0.24], [20321.13, 0.24], [20323.54, 0.24], [20323.64, 0.08610662], [20325.39, 1.603], [20325.64, 0.24], [20325.78, 0.19637], [20326.71, 0.17218724]], "ts": 1666772266424}
{"bids": [[20313.87, 0.24], [20313.44, 0.07876079], [20313.43, 0.1962], [20312.57, 0.24], [20312.42, 0.02385466]], "asks": [[20320.31, 0.07876079], [20320.32, 0.24], [20320.47, 0.07876079], [20320.48, 0.24], [20321.13, 0.24], [20323.54, 0.24], [20323.64, 0.08610662], [20325.39, 1.603], [20325.64, 0.24], [20325.78, 0.19637]], "ts": 1666772266424}
{"bids": [[20313.87, 0.24], [20313.44, 0.07876079], [20313.43, 0.1962], [20312.57, 0.24], [20312.42, 0.02385466]], "asks": [[20320.31, 0.07876079], [20320.32, 0.24], [20320.48, 0.24], [20321.13, 0.24], [20323.54, 0.24], [20323.64, 0.08610662], [20325.39, 1.603], [20325.64, 0.24], [20325.78, 0.19637]], "ts": 1666772266424}
{"bids": [[20313.87, 0.24], [20313.44, 0.07876079], [20313.43, 0.1962], [20312.81, 1.0], [20312.57, 0.24], [20312.42, 0.02385466]], "asks": [[20320.31, 0.07876079], [20320.32, 0.24], [20320.48, 0.24], [20321.13, 0.24], [20323.54, 0.24], [20323.64, 0.08610662], [20325.39, 1.603], [20325.64, 0.24], [20325.78, 0.19637]], "ts": 1666772266424}
{"bids": [[20313.88, 0.07876079], [20313.87, 0.24], [20313.44, 0.07876079], [20313.43, 0.1962], [20312.81, 1.0], [20312.57, 0.24], [20312.42, 0.02385466]], "asks": [[20320.31, 0.07876079], [20320.32, 0.24], [20320.48, 0.24], [20321.13, 0.24], [20323.54, 0.24], [20323.64, 0.08610662], [20325.39, 1.603], [20325.64, 0.24], [20325.78, 0.19637]], "ts": 1666772266425}
{"bids": [[20313.88, 0.07876079], [20313.87, 0.24], [20313.43, 0.1962], [20312.81, 1.0], [20312.57, 0.24], [20312.42, 0.02385466]], "asks": [[20320.31, 0.07876079], [20320.32, 0.24], [20320.48, 0.24], [20321.13, 0.24], [20323.54, 0.24], [20323.64, 0.08610662], [20325.39, 1.603], [20325.64, 0.24], [20325.78, 0.19637]], "ts": 1666772266425}
{"bids": [[20313.88, 0.07876079], [20313.87, 0.24], [20313.43, 0.1962], [20312.81, 1.0], [20312.57, 0.24], [20312.42, 0.02385466]], "asks": [[20320.31, 0.07876079], [20320.32, 0.24], [20321.13, 0.24], [20323.54, 0.24], [20323.64, 0.08610662], [20325.39, 1.603], [20325.64, 0.24], [20325.78, 0.19637]], "ts": 1666772266425}
{"bids": [[20313.88, 0.07876079], [20313.87, 0.24], [20313.43, 0.1962], [20312.57, 0.24], [20312.42, 0.02385466]], "asks": [[20320.31, 0.07876079], [20320.32, 0.24], [20321.13, 0.24], [20323.54, 0.24], [20323.64, 0.08610662], [20325.39, 1.603], [20325.64, 0.24], [20325.78, 0.19637]], "ts": 1666772266425}
{"bids": [[20314.22, 0.24], [20313.88, 0.07876079], [20313.87, 0.24], [20313.43, 0.1962], [20312.57, 0.24], [20312.42, 0.02385466]], "asks": [[20320.31, 0.07876079], [20320.32, 0.24], [20321.13, 0.24], [20323.54, 0.24], [20323.64, 0.08610662], [20325.39, 1.603], [20325.64, 0.24], [20325.78, 0.19637]], "ts": 1666772266426}
{"bids": [[20314.22, 0.24], [20313.88, 0.07876079], [20313.87, 0.24], [20313.43, 0.1962], [20312.57, 0.24], [20312.42, 0.02385466], [20312.31, 1.0]], "asks": [[20320.31, 0.07876079], [20320.32, 0.24], [20321.13, 0.24], [20323.54, 0.24], [20323.64, 0.08610662], [20325.39, 1.603], [20325.64, 0.24], [20325.78, 0.19637]], "ts": 1666772266426}
{"bids": [[20314.22, 0.24], [20313.88, 0.07876079], [20313.87, 0.24], [20313.43, 0.1962], [20312.57, 0.24], [20312.42, 0.02385466], [20312.31, 1.0]], "asks": [[20320.31, 0.07876079], [20320.32, 0.24], [20321.13, 0.24], [20323.54, 0.24], [20323.64, 0.08610662], [20325.39, 1.603], [20325.64, 0.24], [20325.78, 0.19637]], "ts": 1666772266426}
{"bids": [[20314.22, 0.24], [20313.88, 0.07876079], [20313.87, 0.24], [20313.43, 0.1962], [20312.57, 0.24], [20312.42, 0.02385466], [20312.31, 1.0]], "asks": [[20320.19, 0.24], [20320.31, 0.07876079], [20320.32, 0.24], [20321.13, 0.24], [20323.54, 0.24], [20323.64, 0.08610662], [20325.39, 1.603], [20325.64, 0.24], [20325.78, 0.19637]], "ts": 1666772266427}
{"bids": [[20313.88, 0.07876079], [20313.87, 0.24], [20313.43, 0.1962], [20312.57, 0.24], [20312.42, 0.02385466], [20312.31, 1.0]], "asks": [[20320.19, 0.24], [20320.31, 0.07876079], [20320.32, 0.24], [20321.13, 0.24], [20323.54, 0.24], [20323.64, 0.08610662], [20325.39, 1.603], [20325.64, 0.24], [20325.78, 0.19637]], "ts": 1666772266427}
{"bids": [[20313.88, 0.07876079], [20313.87, 0.24], [20313.43, 0.1962], [20312.57, 0.24], [20312.42, 0.02385466], [20312.31, 1.0]], "asks": [[20320.19, 0.24], [20320.31, 0.07876079], [20320.32, 0.24], [20321.13, 0.24], [20323.54, 0.24], [20323.64, 0.08610662], [20325.39, 1.603], [20325.64, 0.24], [20325.78, 0.19637]], "ts": 1666772266427}
{"bids": [[20313.87, 0.24], [20313.43, 0.1962], [20312.57, 0.24], [20312.42, 0.02385466], [20312.31, 1.0]], "asks": [[20320.19, 0.24], [20320.31, 0.07876079], [20320.32, 0.24], [20321.13, 0.24], [20323.54, 0.24], [20323.64, 0.08610662], [20325.39, 1.603], [20325.64, 0.24], [20325.78, 0.19637]], "ts": 1666772266427}
{"bids": [[20313.87, 0.24], [20313.43, 0.1962], [20312.58, 0.07876079], [20312.57, 0.24], [20312.42, 0.02385466], [20312.31, 1.0]], "asks": [[20320.19, 0.24], [20320.31, 0.07876079], [20320.32, 0.24], [20321.13, 0.24], [20323.54, 0.24], [20323.64, 0.08610662], [20325.39, 1.603], [20325.64, 0.24], [20325.78, 0.19637]], "ts": 1666772266428}
{"bids": [[20313.87, 0.24], [20313.43, 0.1962], [20312.58, 0.07876079], [20312.57, 0.24], [20312.42, 0.02385466], [20312.31, 1.0]], "asks": [[20320.19, 0.24], [20320.31, 0.07876079], [20320.32, 0.24], [20321.13, 0.24], [20323.54, 0.24], [20323.64, 0.08610662], [20325.39, 1.603], [20325.64, 0.24], [20325.78, 0.19637]], "ts": 1666772266428}
{"bids": [[20313.87, 0.24], [20313.43, 0.1962], [20312.58, 0.07876079], [20312.57, 0.24], [20312.42, 0.02385466], [20312.31, 1.0]], "asks": [[20320.19, 0.24], [20320.31, 0.07876079], [20320.32, 0.24], [20321.13, 0.24], [20323.54, 0.24], [20323.64, 0.08610662], [20325.39, 1.603], [20325.64, 0.24], [20325.78, 0.19637]], "ts": 1666772266428}
{"bids": [[20313.87, 0.24], [20313.43, 0.1962], [20312.58, 0.07876079], [20312.57, 0.24], [20312.42, 0.02385466], [20312.31, 1.0]], "asks": [[20320.19, 0.24], [20320.31, 0.07876079], [20320.32, 0.24], [20321.13, 0.24], [20323.54, 0.24], [20323.64, 0.08610662], [20324.39, 0.1722069], [20325.39, 1.603], [20325.64, 0.24], [20325.78, 0.19637]], "ts": 1666772266428}
{"bids": [[20313.87, 0.24], [20313.43, 0.1962], [20312.58, 0.07876079], [20312.57, 0.24], [20312.42, 0.02385466], [20312.31, 1.0], [20308.68, 0.17234007]], "asks": [[20320.19, 0.24], [20320.31, 0.07876079], [20320.32, 0.24], [20321.13, 0.24], [20323.54, 0.24], [20323.64, 0.08610662], [20324.39, 0.1722069], [20325.39, 1.603], [20325.64, 0.24], [20325.78, 0.19637]], "ts": 1666772266429}
{"bids": [[20313.87, 0.24], [20313.43, 0.27496079], [20312.58, 0.07876079], [20312.57, 0.24], [20312.42, 0.02385466], [20312.31, 1.0], [20308.68, 0.17234007]], "asks": [[20320.19, 0.24], [20320.31, 0.07876079], [20320.32, 0.24], [20321.13, 0.24], [20323.54, 0.24], [20323.64, 0.08610662], [20324.39, 0.1722069], [20325.39, 1.603], [20325.64, 0.24], [20325.78, 0.19637]], "ts": 1666772266429}
{"bids": [[20313.87, 0.24], [20313.43, 0.27496079], [20312.57, 0.24], [20312.42, 0.02385466], [20312.31, 1.0], [20308.68, 0.17234007]], "asks": [[20320.19, 0.24], [20320.31, 0.07876079], [20320.32, 0.24], [20321.13, 0.24], [20323.54, 0.24], [20323.64, 0.08610662], [20324.39, 0.1722069], [20325.39, 1.603], [20325.64, 0.24], [20325.78, 0.19637]], "ts": 1666772266429}
{"bids": [[20313.87, 0.24], [20313.43, 0.1962], [20312.57, 0.24], [20312.42, 0.02385466], [20312.31, 1.0], [20308.68, 0.17234007]], "asks": [[20320.19, 0.24], [20320.31, 0.07876079], [20320.32, 0.24], [20321.13, 0.24], [20323.54, 0.24], [20323.64, 0.08610662], [20324.39, 0.1722069], [20325.39, 1.603], [20325.64, 0.24], [20325.78, 0.19637]], "ts": 1666772266430}
{"bids": [[20313.87, 0.24], [20313.43, 0.1962], [20312.58, 0.07876079], [20312.57, 0.24], [20312.42, 0.02385466], [20312.31, 1.0], [20308.68, 0.17234007]], "asks": [[20320.19, 0.24], [20320.31, 0.07876079], [20320.32, 0.24], [20321.13, 0.24], [20323.54, 0.24], [20323.64, 0.08610662], [20324.39, 0.1722069], [20325.39, 1.603], [20325.64, 0.24], [20325.78, 0.19637]], "ts": 1666772266430}
{"bids": [[20313.87, 0.24], [20313.43, 0.1962], [20312.58, 0.07876079], [20312.57, 0.24], [20312.42, 0.02385466], [20312.31, 1.0], [20308.68, 0.17234007]], "asks": [[20320.19, 0.24], [20320.31, 0.07876079], [20320.32, 0.24], [20321.13, 0.24], [20323.54, 0.24], [20323.64, 0.08610662], [20324.39, 0.1722069], [20325.39, 1.603], [20325.64, 0.24], [20325.78, 0.19637]], "ts": 1666772266430}
{"bids": [[20313.87, 0.28], [20313.43, 0.1962], [20312.58, 0.07876079], [20312.57, 0.24], [20312.42, 0.02385466], [20312.31, 1.0], [20308.68, 0.17234007]], "asks": [[20320.19, 0.24], [20320.31, 0.07876079], [20320.32, 0.24], [20321.13, 0.24], [20323.54, 0.24], [20323.64, 0.08610662], [20324.39, 0.1722069], [20325.39, 1.603], [20325.64, 0.24], [20325.78, 0.19637]], "ts": 1666772266431}
{"bids": [[20313.87, 0.28], [20313.44, 0.07876079], [20313.43, 0.1962], [20312.58, 0.07876079], [20312.57, 0.24], [20312.42, 0.02385466], [20312.31, 1.0], [20308.68, 0.17234007]], "asks": [[20320.19, 0.24], [20320.31, 0.07876079], [20320.32, 0.24], [20321.13, 0.24], [20323.54, 0.24], [20323.64, 0.08610662], [20324.39, 0.1722069], [20325.39, 1.603], [20325.64, 0.24], [20325.78, 0.19637]], "ts": 1666772266431}
{"bids": [[20313.87, 0.28], [20313.44, 0.07876079], [20313.43, 0.1962], [20312.57, 0.24], [20312.42, 0.02385466], [20312.31, 1.0], [20308.68, 0.17234007]], "asks": [[20320.19, 0.24], [20320.31, 0.07876079], [20320.32, 0.24], [20321.13, 0.24], [20323.54, 0.24], [20323.64, 0.08610662], [20324.39, 0.1722069], [20325.39, 1.603], [20325.64, 0.24], [20325.78, 0.19637]], "ts": 1666772266431}
{"bids": [[20313.87, 0.28], [20313.44, 0.07876079], [20313.43, 0.1962], [20312.57, 0.24], [20312.42, 0.02385466], [20312.31, 1.0], [20308.68, 0.17234007]], "asks": [[20320.19, 0.24], [20320.31, 0.07876079], [20320.32, 0.24], [20321.13, 0.24], [20323.54, 0.24], [20323.64, 0.08610662], [20324.39, 0.1722069], [20325.39, 1.603], [20325.64, 0.24], [20325.78, 0.19637]], "ts": 1666772266432}
{"bids": [[20313.87, 0.28], [20313.44, 0.07876079], [20313.43, 0.1962], [20312.57, 0.24], [20312.42, 0.02385466], [20312.31, 1.0], [20308.68, 0.17234007]], "asks": [[20320.19, 0.24], [20320.31, 0.07876079], [20320.32, 0.24], [20321.13, 0.24], [20323.54, 0.24], [20323.64, 0.08610662], [20324.39, 0.1722069], [20325.39, 1.603], [20325.64, 0.24], [20325.78, 0.19637]], "ts": 1666772266432}
{"bids": [[20313.87, 0.28], [20313.44, 0.07876079], [20313.43, 0.1962], [20312.57, 0.24], [20312.42, 0.02385466], [20312.31, 1.0], [20308.68, 0.17234007]], "asks": [[20320.19, 0.24], [20320.31, 0.07876079], [20320.32, 0.24], [20321.13, 0.24], [20323.54, 0.24], [20323.64, 0.08610662], [20324.39, 0.1722069], [20325.39, 1.603], [20325.64, 0.24], [20325.78, 0.19637]], "ts": 1666772266432}
{"bids": [[20313.87, 0.28], [20313.44, 0.07876079], [20313.43, 0.1962], [20312.57, 0.24], [20312.42, 0.02385466], [20312.31, 1.0], [20308.68, 0.17234007]], "asks": [[20320.19, 0.24], [20320.31, 0.07876079], [20320.32, 0.24], [20321.13, 0.24], [20323.54, 0.24], [20323.64, 0.08610662], [20324.39, 0.1722069], [20325.39, 1.603], [20325.64, 0.24], [20325.78, 0.19637]], "ts": 1666772266432}
{"bids": [[20313.87, 0.28], [20313.44, 0.07876079], [20313.43, 0.1962], [20312.57, 0.24], [20312.42, 0.02385466], [20312.31, 1.0], [20308.68, 0.17234007]], "asks": [[20320.19, 0.24], [20320.31, 0.07876079], [20320.32, 0.24], [20321.13, 0.24], [20323.54, 0.24], [20323.64, 0.08610662], [20324.39, 0.1722069], [20325.39, 1.603], [20325.64, 0.24], [20325.78, 0.19637]], "ts": 1666772266433}
{"bids": [[20313.87, 0.24], [20313.44, 0.07876079], [20313.43, 0.1962], [20312.57, 0.24], [20312.42, 0.02385466], [20312.31, 1.0], [20308.68, 0.17234007]], "asks": [[20320.19, 0.24], [20320.31, 0.07876079], [20320.32, 0.24], [20321.13, 0.24], [20323.54, 0.24], [20323.64, 0.08610662], [20324.39, 0.1722069], [20325.39, 1.603], [20325.64, 0.24], [20325.78, 0.19637]], "ts": 1666772266433}
{"bids": [[20313.87, 0.24], [20313.44, 0.07876079], [20313.43, 0.1962], [20312.57, 0.24], [20312.42, 0.02385466], [20312.31, 1.0], [20308.68, 0.17234007]], "asks": [[20320.19, 0.24], [20320.31, 0.07876079], [20320.32, 0.24], [20321.13, 0.24], [20323.54, 0.24], [20323.64, 0.08610662], [20324.39, 0.1722069], [20325.39, 1.603], [20325.64, 0.24], [20325.78, 0.19637]], "ts": 1666772266433}
{"bids": [[20313.87, 0.24], [20313.44, 0.07876079], [20313.43, 0.1962], [20312.57, 0.24], [20312.42, 0.02385466], [20308.68, 0.17234007]], "asks": [[20320.19, 0.24], [20320.31, 0.07876079], [20320.32, 0.24], [20321.13, 0.24], [20323.54, 0.24], [20323.64, 0.08610662], [20324.39, 0.1722069], [20325.39, 1.603], [20325.64, 0.24], [20325.78, 0.19637]], "ts": 1666772266433}
{"bids": [[20313.87, 0.24], [20313.44, 0.07876079], [20313.43, 0.1962], [20312.57, 0.24], [20312.42, 0.02385466], [20311.32, 1.0], [20308.68, 0.17234007]], "asks": [[20320.19, 0.24], [20320.31, 0.07876079], [20320.32, 0.24], [20321.13, 0.24], [20323.54, 0.24], [20323.64, 0.08610662], [20324.39, 0.1722069], [20325.39, 1.603], [20325.64, 0.24], [20325.78, 0.19637]], "ts": 1666772266434}
{"bids": [[20313.44, 0.07876079], [20313.43, 0.1962], [20312.57, 0.24], [20312.42, 0.02385466], [20311.32, 1.0], [20308.68, 0.17234007]], "asks": [[20320.19, 0.24], [20320.31, 0.07876079], [20320.32, 0.24], [20321.13, 0.24], [20323.54, 0.24], [20323.64, 0.08610662], [20324.39, 0.1722069], [20325.39, 1.603], [20325.64, 0.24], [20325.78, 0.19637]], "ts": 1666772266434}
{"bids": [[20313.44, 0.07876079], [20313.43, 0.1962], [20312.42, 0.02385466], [20311.32, 1.0], [20308.68, 0.17234007]], "asks": [[20320.19, 0.24], [20320.31, 0.07876079], [20320.32, 0.24], [20321.13, 0.24], [20323.54, 0.24], [20323.64, 0.08610662], [20324.39, 0.1722069], [20325.39, 1.603], [20325.64, 0.24], [20325.78, 0.19637]], "ts": 1666772266434}
{"bids": [[20313.44, 0.07876079], [20313.43, 0.1962], [20312.42, 0.02385466], [20311.32, 1.0], [20308.68, 0.17234007]], "asks": [[20320.18, 0.07876079], [20320.19, 0.24], [20320.31, 0.07876079], [20320.32, 0.24], [20321.13, 0.24], [20323.54, 0.24], [20323.64, 0.08610662], [20324.39, 0.1722069], [20325.39, 1.603], [20325.64, 0.24]], "ts": 1666772266435}
{"bids": [[20313.44, 0.07876079], [20313.43, 0.1962], [20312.42, 0.02385466], [20311.32, 1.0], [20308.68, 0.17234007]], "asks": [[20320.18, 0.07876079], [20320.19, 0.24], [20320.32, 0.24], [20321.13, 0.24], [20323.54, 0.24], [20323.64, 0.08610662], [20324.39, 0.1722069], [20325.39, 1.603], [20325.64, 0.24]], "ts": 1666772266435}
{"bids": [[20313.44, 0.07876079], [20313.43, 0.1962], [20312.42, 0.02385466], [20311.32, 1.0], [20308.68, 0.17234007]], "asks": [[20319.4, 0.24], [20320.18, 0.07876079], [20320.19, 0.24], [20320.32, 0.24], [20321.13, 0.24], [20323.54, 0.24], [20323.64, 0.08610662], [20324.39, 0.1722069], [20325.39, 1.603], [20325.64, 0.24]], "ts": 1666772266435}
{"bids": [[20313.43, 0.1962], [20312.42, 0.02385466], [20311.32, 1.0], [20308.68, 0.17234007]], "asks": [[20319.4, 0.24], [20320.18, 0.07876079], [20320.19, 0.24], [20320.32, 0.24], [20321.13, 0.24], [20323.54, 0.24], [20323.64, 0.08610662], [20324.39, 0.1722069], [20325.39, 1.603], [20325.64, 0.24]], "ts": 1666772266436}
{"bids": [[20313.43, 0.1962], [20312.42, 0.02385466], [20308.68, 0.17234007]], "asks": [[20319.4, 0.24], [20320.18, 0.07876079], [20320.19, 0.24], [20320.32, 0.24], [20321.13, 0.24], [20323.54, 0.24], [20323.64, 0.08610662], [20324.39, 0.1722069], [20325.39, 1.603], [20325.64, 0.24]], "ts": 1666772266436}
{"bids": [[20313.43, 0.1962], [20312.42, 0.02385466], [20308.68, 0.17234007]], "asks": [[20319.4, 0.24], [20320.18, 0.07876079], [20320.19, 0.24], [20321.13, 0.24], [20323.54, 0.24], [20323.64, 0.08610662], [20324.39, 0.1722069], [20325.39, 1.603], [20325.64, 0.24]], "ts": 1666772266436}
